1792 3284
245 118 456 189 LIBER
492 121 583 189 Vlli.
733 142 789 213 173

50 226 118 290 'eruo
135 226 220 289 milite
229 224 286 301 sao)
304 239 335 287 ut
346 244 401 284 non
414 228 442 285 in
456 228 536 286 calba
547 225 628 285 solium
648 226 796 307 refugerent

54 313 157 376 hoster,
173 310 211 369 sod
227 309 283 385 jam
300 328 334 367 ne
347 308 413 368 vallo
432 311 540 387 quidem
552 329 583 368 ac
601 308 673 367 follis
685 310 742 369 sreti
756 313 796 367 di·

60 389 236 451 hbuenrurin
255 391 362 470 oppida,
381 392 429 451 situ
445 391 549 450 urbium
570 391 751 469 moenibusque
770 392 795 449 se

63 471 190 535 defensuri.
228 472 372 539 Postremd,
384 475 478 552 oppida
491 493 597 553 quoque
610 476 637 531 vi
651 493 798 553 expugnare

62 554 169 622 mutus,
199 556 287 633 primd
305 558 430 615 Cutinam
451 559 550 637 ingenti
570 557 660 616 ardore
678 558 796 614 militum

58 651 102 695 aut
113 638 249 696 vulnerum
263 640 308 704 ita,
321 637 390 717 qudd
403 639 470 697 baud
483 639 535 698 sere
546 639 682 719 quisquam
698 642 797 719 integer

56 718 152 796 proelio
169 718 314 786 excesserat,
332 720 403 780 scalis
420 722 511 798 cepit:
539 724 629 779 deinde
645 721 797 802 Cingiliam.

57 800 188 881 utriusque
201 802 270 861 urbis
281 803 396 878 praedam
410 802 542 867 militibus,
563 802 631 880 qudd
648 822 694 861 eos
713 822 797 882 neque

54 898 248 1026 Wiiiqii
259 884 798 1044 sllls‘sssslsllsllllzn

56 1045 135 1124 'eujus
149 1049 187 1106 rei
197 1046 293 1115 vitium
307 1067 362 1106 noo
376 1049 403 1106 in
422 1048 479 1107 belli
491 1064 625 1115 eventum,
648 1048 717 1127 qodd
736 1068 798 1125 pro·

58 1126 131 1208 spere
147 1131 251 1209 gestum
263 1131 309 1194 est,
327 1129 368 1188 sed
381 1132 408 1187 in
421 1131 518 1189 rabiem
530 1149 606 1209 atque
623 1137 673 1193 iras
687 1134 799 1209 impera·

59 1222 154 1271 iorum
168 1210 255 1267 vertit.
274 1228 388 1285 namque
402 1213 514 1285 Papirius
527 1213 646 1275 disiator,
665 1210 682 1269 b
696 1214 802 1288 pullario

59 1293 196 1356 monitus,
205 1306 290 1366 quum
304 1290 335 1346 ad
348 1288 491 1366 auspicium
503 1292 669 1368 repetendum
682 1297 802 1352 Romam

60 1371 559 1516 sssllslnmsst‘lsls
578 1374 804 1516 illisis

300 1496 310 1521 a
377 1494 385 1519 5
550 1496 559 1523 2
792 1489 804 1502 ·

60 1557 130 1601 num
151 1535 301 1598 masuerm
351 1538 441 1599 Fabius
461 1558 555 1617 quum.
585 1542 643 1617 post
661 1539 804 1617 profesiio·

61 1639 127 1681 aem
140 1620 283 1683 distatoris,
306 1640 351 1698 per
367 1620 535 1699 exploratores
554 1623 726 1700 comperisset,
745 1642 803 1701 per-

61 1702 124 1761 inde
137 1705 230 1760 omnia
250 1700 330 1762 soluta
346 1704 416 1779 apud
431 1704 524 1770 hostes,
549 1724 580 1763 ac
601 1708 622 1763 li
645 1724 727 1762 nomo
747 1710 804 1763 Ro·

63 1803 160 1843 manus
172 1786 202 1843 in
214 1787 323 1843 Samnio
340 1786 402 1842 esset
418 1808 426 1849 ;
453 1785 496 1843 seu
511 1787 584 1844 ferox
603 1786 747 1845 adolescens
762 1790 802 1845 in·

62 1866 190 1948 dignitate
204 1865 333 1927 accensus,
351 1864 421 1943 qudd
436 1868 527 1926 omnia
545 1869 573 1925 in
592 1858 717 1926 disiatore
734 1870 803 1926 vide·

61 1964 152 2008 rentur
169 1948 278 2025 reposita
294 1949 368 2013 esse,
393 1946 436 2007 seu
456 1950 588 2011 occasione
609 1950 674 2009 bene
685 1953 803 2031 gerendae

45 2030 100 2088 ‘ei
120 2032 254 2096 indubius,
281 2031 394 2091 exercitu
414 2032 541 2091 inslrusto
558 2040 696 2112 paratoque
714 2037 802 2114 prose·

23 2101 125 2171 Qus
136 2114 168 2172 ad
181 2112 350 2179 Imbrinium,
371 2116 382 2187 (
389 2115 423 2172 ita
436 2132 531 2176 vocant
542 2114 644 2192 locum)
662 2118 716 2175 acie
736 2139 801 2177 cum

28 2177 224 2255 §mnitibus
245 2198 372 2257 conflixit.
396 2216 427 2256 ea
445 2196 549 2258 fortuna
568 2218 663 2277 pugnae
682 2199 741 2266 suit,
771 2216 802 2261 ut

45 2274 131 2336 mihil
149 2276 270 2337 relistum
290 2281 330 2347 fit,
357 2299 422 2358 quo,
446 2279 467 2338 sa
488 2280 596 2339 affuisset
617 2282 737 2344 didiator,
762 2302 803 2340 res

58 2356 161 2419 anesus
228 2360 234 2374 ’
253 2364 373 2438 potuerit.
399 2379 456 2418 non
476 2364 530 2419 dux
544 2361 631 2423 militi,
658 2380 713 2416 non
729 2361 804 2419 miles

50 2437 129 2498 duci
142 2378 237 2499 desid
284 2461 328 2503 ues
339 2442 429 2505 etiam,
446 2443 555 2499 audiore
573 2446 606 2499 L.
619 2442 745 2500 Cominio
759 2444 804 2502 tri·

33 2506 141 2579 &stro
161 2521 285 2587 militum,
316 2526 360 2600 qui
375 2522 509 2600 aliquoties
528 2523 634 2600 impetu·
650 2539 727 2601 capto
746 2544 803 2601 per·

11 2592 62 2638 '¹⁴
68 2605 188 2680 {wipere
199 2623 254 2661 non
266 2619 365 2682 poterat
378 2603 491 2662 hostium
506 2624 610 2685 agmen,
631 2605 738 2667 detraxit
752 2607 803 2667 fre·

10 2662 224 2762 &aequin
248 2702 324 2765 atque
342 2689 377 2746 ita
391 2688 534 2747 concitatos
553 2687 690 2747 calcaribus
706 2695 802 2769 permi-

10 2743 108 2829 ¹b2
132 2782 163 2825 ut
180 2765 301 2828 sustinere
320 2789 365 2829 eos
385 2768 452 2828 nulla
471 2772 510 2828 vis
528 2769 622 2849 poffet.
657 2775 703 2831 Per
721 2792 802 2836 mma,

10 2823 116 2915 'Q
126 2849 197 2933 girba
212 2845 262 2932 lud
274 2853 386 2936 stragem
404 2852 505 2914 dedere.
541 2858 647 2934 Secutus
661 2857 736 2934 pedes
751 2854 809 2907 im·-

411 2939 439 2995 H
456 2954 472 3017 3
716 2944 816 3016 aarum
