1792 3284
347 162 660 259 r.nrv11¹

174 282 337 363 munsulern)
349 284 432 365 qualis
447 286 542 365 Appius
551 284 673 343 claudus
678 280 777 361 sunit,
791 286 844 343 nui

169 387 195 428 to
207 368 318 445 temporis
330 366 492 443 dscuffiuunu
503 366 554 424 illos
564 380 643 425 uoetus
649 364 747 445 stiffi!
774 366 840 425 On·-

160 449 315 513 n‘consules,
339 466 423 527 quum
442 448 505 525 quid
521 466 585 529 ergo
607 446 634 506 se
653 448 737 507 facere
753 446 842 507 velent

153 534 185 589 nil
201 533 272 588 enim
284 530 385 609 segnius
397 528 539 597 molliusve,
556 526 638 611 qulm
658 528 776 589 Patribus
792 530 841 609 pu

146 632 174 680 rt,
193 616 308 687 aeluros)
320 612 563 691 percundlarentun
584 610 735 679 dooernunt,
754 628 786 671 ut
802 612 842 673 de

139 699 211 754 itum
230 694 311 773 quim
333 695 490 751 acerrimum
508 692 625 753 habeant.
656 694 715 753 otio
734 692 842 755 lascivire

132 779 224 837 rebem.
261 776 374 835 Dimiilo
395 774 491 839 senatu,
512 773 626 834 confides
641 775 670 833 in
689 776 803 837 tribunal
818 794 844 837 r·

125 861 241 920 rendunt.
268 860 349 917 ciant
361 857 519 917 nominatim
541 858 666 935 juniores.
704 860 841 937 Qaumad

118 960 210 1000 nomen
231 959 313 998 nemo
333 938 504 1017 responderet,
526 937 685 999 circumfusa
704 940 841 1001 multindu

111 1027 138 1081 in
154 1022 287 1083 concionis
301 1022 423 1085 modum,
442 1040 542 1101 negare,
568 1024 644 1081 [ntra
662 1022 741 1103 decipi
751 1024 842 1103 plebe!

109 1108 179 1185 posse.
219 1114 359 1185 Nunquam
373 1122 453 1161 unum
467 1104 572 1162 militem
588 1103 726 1170 habemas,
746 1110 774 1163 ηε·
788 1120 839 1187 pra·

103 1191 217 1263 staretur
224 1188 288 1263 fider
298 1185 405 1265 publica.
422 1185 563 1245 libertatem
574 1188 784 1267 micuiqueprius
792 1188 840 1247 nd·

110 1272 214 1328 alendam
230 1271 281 1348 effe,
300 1266 469 1347 qudmurmu
489 1268 584 1327 danda:
613 1272 839 1349 upropurriun·

113 1352 242 1432 vibusqru,
273 1370 319 1409 non
334 1352 505 1428 prodamus,
539 1364 659 1428 pugnent.
714 1350 839 1414 Confialer¹

111 1436 173 1509 quid
188 1434 341 1490 mandatum
361 1430 421 1490 effet
441 1429 565 1494 lienam,
585 1430 720 1490 videbant:
740 1431 782 1491 sed
801 1450 838 1491 eu·

111 1535 181 1579 rum,
200 1516 246 1591 qui
259 1516 325 1570 intra
339 1513 444 1589 parietes
458 1514 534 1570 curie
547 1512 667 1573 ferociter
677 1512 841 1593 loquerentur,

110 1598 246 1655 neminem
261 1588 340 1653 adeile
353 1592 456 1653 invidiae
469 1592 521 1652 suae
537 1596 702 1674 participem:
732 1601 760 1658 &
771 1616 839 1677 appa·

110 1680 183 1738 rebat
201 1693 275 1737 atrox
298 1695 362 1759 eum
385 1675 456 1757 plebe
482 1690 621 1738 certamen.
654 1676 725 1757 prilr
753 1680 839 1759 iraque,

111 1762 193 1839 quim
206 1762 298 1820 ultima
311 1762 492 1839 experirentur,
510 1757 627 1819 stnnum
638 1762 734 1819 iterum
756 1760 833 1821 consu

112 1846 160 1901 lere
179 1844 282 1922 placuit.
322 1850 395 1901 Tum
414 1840 475 1899 verd
495 1843 525 1900 ad
544 1842 610 1901 sellas
631 1842 768 1903 consulum
787 1860 827 1923 pn

112 1945 172 2001 pere
192 1923 360 1981 convolavere
374 1924 503 1981 minimus
521 1925 628 2003 quisque
648 1939 712 1983 natu
730 1930 819 1985 Patrur

113 2006 227 2065 abdicare
248 2002 381 2062 consulatu
402 2004 529 2079 jubentes,
557 2012 585 2065 ὃς
599 2008 727 2083 deponere
744 2010 812 2085 impe

113 2108 171 2150 um,
191 2089 221 2145 ad
237 2087 306 2164 quod
320 2086 446 2144 tuendum
460 2089 563 2145 animus
575 2089 678 2149 deeffet.
701 2086 704 2090 ’

155 2173 259 2228 XXIX.
280 2174 395 2247 Utraque
414 2187 441 2225 re
459 2168 517 2227 satis
529 2185 639 2249 experta,
656 2186 718 2229 tum
736 2173 796 2230 dem

115 2251 242 2312 consules:
283 2262 323 2311 Ne
333 2254 473 2330 pradillum
489 2256 587 2327 negetis.
605 2263 693 2311 Patres
714 2256 791 2332 consu

114 2339 177 2415 adast
190 2340 271 2411 ingens
283 2336 379 2411 seditio.
418 2334 577 2409 postulamus,
601 2351 634 2393 ut
653 2338 683 2400 ii,
707 2341 753 2415 qui
764 2356 784 2393 n

115 2422 156 2477 ml
169 2420 298 2495 ignaviam
314 2420 447 2495 increpant,
466 2416 544 2493 adfine
559 2416 624 2473 nubis
644 2416 777 2477 habentibu

112 2500 213 2560 udum.
260 2502 381 2557 Acerrimi
400 2501 517 2579 cujusque
540 2498 655 2562 arbitrio,
691 2520 770 2580 quana

110 2582 200 2657 placer,
217 2602 271 2637 rem
287 2600 397 2654 agemus.
439 2580 559 2639 Redeunt
573 2582 600 2637 in
620 2581 744 2641 tribunal:

113 2662 274 2741 nominptim
288 2680 371 2720 unum
387 2680 420 2721 ex
432 2662 471 2727 iis,
495 2664 540 2739 qui
559 2662 587 2719 in
607 2664 750 2743 conspcdlu

112 2742 197 2801 dedita
208 2762 286 2819 opera
297 2743 396 2816 jubent.
434 2749 529 2819 Quum
543 2746 617 2803 staret
628 2752 731 2811 tacitus,

108 2844 144 2885 tn
156 2844 219 2883 eum
230 2825 327 2901 aliquot
339 2824 489 2891 hominum,
506 2846 539 2884 ne
545 2826 614 2885 ione
623 2828 742 2887 violaretu

113 2907 212 2968 ilitillet
224 2905 328 2989 globus3
352 2908 471 2967 lidorem
486 2910 518 2966 ad
529 2926 592 2969 eum
604 2908 720 2971 consules
