1792 3284
279 114 477 187 fertvr.
662 148 686 211 9

274 237 334 281 ante
354 220 431 299 podes
449 224 561 303 Junooit
581 226 678 303 pofitas

263 304 378 363 ivitatem
391 308 500 383 accepti,
520 310 565 385 qui
580 311 679 387 Vejen-

247 405 261 442 e
282 406 313 445 tc
333 384 489 445 Faliscorum
511 410 557 467 per
574 411 604 449 et
619 392 682 451 bella

223 486 338 532 rmaoos,
357 486 468 547 agerque
487 472 517 529 iis
529 476 604 531 noris
616 476 681 531 ciri·

198 552 288 608 ‘rotati
307 570 412 627 quoque
425 554 453 607 in
468 552 557 611 urbem
571 554 682 615 senatus·

176 653 195 695 s,
223 633 270 709 qui
289 633 431 691 aedificandi
452 637 548 693 Rornae
569 637 682 717 pigritia.

154 714 238 772 racuis
256 716 342 776 tems.
368 716 450 789 vejoa
468 716 493 771 se
512 718 683 779 contulerant.

127 796 218 854 mitur
237 794 288 853 fuit
306 795 495 869 aspernantium
513 798 654 877 imperium
672 824 680 857 ε

112 879 261 954 praestituta.
282 875 443 955 capitalisque
455 896 542 954 prena,
560 882 607 959 qui
624 900 681 941 nur

81 976 105 1019 a
118 963 247 1023 Romam,
266 978 298 1017 ex
318 960 445 1020 ferocibus
457 962 580 1021 universus
591 964 680 1043 singu·

66 1059 73 1096 ι
86 1039 135 1097 suo
148 1058 281 1119 quemque
295 1040 439 1100 obedientes
463 1042 532 1102 fecit.
572 1048 606 1103 Et
615 1048 680 1107 ,Ro-

66 1164 69 1177 .
93 1120 236 1199 frequentia
253 1122 371 1186 crescere,
393 1138 453 1179 tum
470 1138 526 1181 tora
542 1124 619 1187 fimul
634 1146 681 1185 ex-

66 1202 185 1265 edificiis,
202 1208 232 1263 be
250 1202 377 1277 republica
389 1202 516 1277 impensae
536 1207 683 1280 adjuvante,

66 1281 110 1340 bua
131 1282 200 1342 velut
219 1280 352 1359 pubrcom
372 1282 530 1363 exigentibus
551 1304 627 1363 opus,
652 1294 682 1351 bt

65 1366 137 1423 iratis
162 1364 330 1437 (admmtebat
349 1366 420 1423 euim
439 1366 591 1427 defidmiutu
611 1368 682 1445 ustis)

65 1446 120 1505 ibus
136 1449 168 1505 nd
185 1446 312 1505 effebium
331 1450 425 1523 operis.
438 1450 563 1525 'intraque
580 1468 679 1511 nouum

65 1529 185 1589 bsstetit.
225 1529 305 1591 Exitu
324 1532 384 1587 anni
406 1530 516 1591 comitia

65 1632 107 1670 um
119 1613 235 1670 miiitum
254 1610 378 1669 consulari
390 1614 516 1688 potestate
550 1600 679 1649 *Ama*

65 1698 135 1751 :reati
153 1700 188 1753 T.
199 1696 323 1769 Quintius
336 1696 516 1761 Cineiunatus,
549 1736 573 1781 ,υ
586 1676 670 1795 ’ἔξω

65 1776 114 1833 iius
127 1775 231 1833 Fidenas
243 1770 376 1852 quintbm,
390 1774 518 1853 L-Julius
576 1772 582 1785 '
607 1774 613 1787 ’
671 1770 679 1789 ’

64 1894 76 1917 ..
94 1856 217 1934 Aquiliiut
236 1857 348 1919 Currus,
374 1860 406 1915 L.
419 1856 552 1915 Lueretius
569 1856 680 1934 Tricipi-

64 1949 104 1999 er.
117 1936 244 2015 Sulpicius
264 1936 359 1996 Rufus.
405 1938 677 1997 Exercitumnrterum

64 2041 93 2085 ts,
112 2039 167 2077 non
180 2020 211 2077 ad
225 2017 330 2085 bellum,
349 2020 447 2094 (vision
458 2038 573 2097 namque
594 2020 620 2078 se
639 2022 678 2081 sa-

64 2100 187 2177 >sedab
207 2102 269 2161 odio
290 2102 322 2159 ati
341 2104 519 2179 perruiiandos
538 2102 611 2167 fines,
643 2122 677 2161 oe

63 2204 129 2243 nora
142 2184 245 2243 consilia
259 2183 428 2261 relinquerent
439 2186 546 2249 virium,
565 2185 678 2245 duxere:

67 2269 94 2324 in
113 2284 207 2345 agrum
220 2266 444 2344 Tarquiniensem.
481 2266 522 2322 ibi
536 2268 630 2341 oppida
643 2266 678 2327 Ε·

63 2368 89 2407 m
109 2346 238 2407 Cortuosa
256 2352 286 2407 br
300 2347 466 2407 Contenebra
485 2345 511 2401 ri
525 2360 598 2421 captu
612 2348 682 2406 diru-

69 2432 109 2490 nd
124 2427 282 2489 Cortuosam
300 2428 364 2486 nibil
383 2427 530 2491 meminit
542 2428 601 2487 fuit.
628 2432 680 2489 im·

63 2515 151 2579 adorti,
163 2512 252 2590 primo
262 2510 375 2570 clamore
384 2526 461 2589 atque
471 2512 573 2588 impetu
585 2532 682 2592 cepere,

62 2615 75 2653 t
87 2596 216 2673 oppidum
229 2608 306 2670 atque
316 2593 451 2654 incentum
465 2594 512 2651 est.
549 2595 682 2654 Contene-

62 2698 105 2737 :os
121 2679 175 2735 dier
190 2679 411 2755 oppugmtiooen
430 2676 545 2733 sustinuit
558 2700 566 2742 ς
598 2678 682 2735 labor·

62 2761 159 2826 tiouus,
180 2779 235 2818 nou
249 2760 290 2816 die
303 2778 357 2818 oon
373 2762 454 2817 ooite
465 2758 592 2823 remissor,
609 2757 681 2813 sube-

62 2865 68 2908 t
88 2862 172 2922 quum
182 2845 211 2905 io
222 2841 266 2905 sex
278 2856 363 2921 parer
376 2838 473 2905 dirisur
485 2841 612 2900 exodun
621 2832 682 2895 Ro·

190 2926 195 2930 “
220 2926 225 2932 ’
267 2928 293 2985 Α
317 2948 336 3003 5
438 2924 444 2929 '
602 2936 704 2985 manua
