1792 3284
291 142 324 211 o
344 142 359 209 1
379 142 405 209 n
425 142 453 210 e
473 142 505 210 n·
548 140 609 208 ix.
737 160 818 229 -245

82 244 192 325 propius
209 244 246 305 eil
261 242 332 311 iero,
354 248 513 325 praecipuum
527 245 621 321 aliquid
638 244 711 305 suiss'e
730 246 758 302 in
779 265 822 311 eo,

85 330 132 405 qui
145 324 233 387 setam
243 328 330 387 audaci
343 328 506 387 simulatione
518 326 634 385 hostibus
644 328 823 387 immiscuerit.

83 408 170 469 servus
183 410 311 470 eidicitur
322 430 412 469 comes
427 429 493 469 unus
506 408 579 467 fuisse
590 410 701 469 nutritus
714 409 773 475 und,
795 430 822 466 e-

82 510 153 571 oque
165 489 232 550 haud
251 494 259 550 i
342 512 354 550 s
368 494 462 572 linguoe
475 489 600 569 ejusdem.
620 494 822 571 necquicquam

80 572 150 632 eliud
161 511 357 650 proficis'sessls,
368 573 448 653 quim
461 574 616 634 summatim
626 575 750 654 regionis,
763 592 823 652 quae

82 654 201 714 intranda
220 670 281 723 erat,
298 674 426 722 naturam,
452 677 483 716 ac
500 658 609 715 nomina
628 658 777 735 principum
795 658 823 712 in

82 736 186 815 populis
196 741 325 817 accipeie;
346 758 381 796 ne
394 740 521 817 quainter
532 738 657 815 colloquia
669 740 762 817 insigni
774 757 825 795 no·

83 832 111 877 ta
121 818 263 880 haefinntes
276 820 431 897 deprehendi
444 819 552 896 possent.
582 822 637 876 iere
647 820 763 897 pastorali
776 818 823 877 lia·

81 896 151 968 bitu,
170 901 312 979 agrestibus
323 900 389 967 telis,
408 899 513 958 falcibus
526 899 652 981 gaelisque
661 900 728 957 binis
741 918 824 958 arma-

84 982 119 1041 ti.
165 981 213 1040 sed
235 999 319 1061 oeque
337 982 530 1041 commercium
551 980 653 1061 linguae,
680 1000 729 1041 nec
749 982 826 1041 vestis

84 1080 256 1123 armorumve
272 1062 372 1124 habitus
388 1064 424 1123 fic
441 1083 487 1122 eos
507 1064 580 1128 texit,
598 1062 678 1143 quim
694 1066 764 1145 qudd
780 1065 825 1124 ab·

85 1142 206 1205 horrebat
225 1143 241 1205 d
258 1146 318 1212 fide,
349 1165 510 1225 quemquam
537 1160 671 1205 externum
693 1150 825 1208 Ciminios

84 1226 163 1285 saltus
182 1228 348 1288 introituum.
395 1227 482 1304 Usque
504 1226 536 1284 ad
555 1228 690 1284 Camertes
708 1230 825 1287 Umbros

85 1308 228 1386 penetrlll'e
245 1308 376 1368 dieuntiir.
395 1306 441 1373 ibi,
462 1306 510 1385 qui
526 1305 615 1371 effem,
632 1306 704 1365 fatui
724 1312 825 1368 Roma*

86 1408 159 1449 num
170 1388 274 1450 ausum:
296 1388 528 1467 innodudlumque
543 1386 712 1454 inferiarum,
734 1390 827 1448 consu·

86 1471 118 1532 lis
131 1472 214 1531 verbis
225 1472 302 1553 egisse
312 1474 344 1531 de
354 1472 473 1531 societate
485 1469 661 1550 amicitiaque:
678 1484 757 1549 atque
767 1472 826 1531 inde

86 1556 163 1615 comi
180 1553 292 1633 hospitio
313 1568 460 1635 acceptum,
480 1554 601 1612 nunciare
623 1554 750 1613 Romanis
772 1552 827 1631 jus-

85 1636 157 1705 sum,
178 1648 359 1697 commeatum
378 1638 499 1697 exereitm
515 1637 615 1695 dierum
634 1636 741 1717 triginta
762 1655 827 1713 pror·-

86 1721 129 1778 lio
146 1717 210 1786 fore,
229 1720 250 1777 fi
269 1739 300 1778 ea
317 1719 374 1779 loca
395 1716 523 1783 intrdllet's
542 1720 756 1796 juventutemque
776 1722 829 1776 Ca-

86 1802 214 1860 mettium
228 1800 393 1860 Umbrorum
406 1802 433 1857 in
447 1800 526 1857 armis
537 1812 652 1875 patamm
663 1800 773 1876 imperio
787 1803 828 1857 lu·

87 1896 187 1943 turam.
227 1887 291 1942 Haec
309 1902 393 1961 quum
405 1881 481 1939 relata
496 1880 592 1940 consuli
609 1874 697 1946 essent,
718 1881 828 1957 impedi·

86 1966 184 2025 mentis
195 1966 280 2042 prima
293 1964 379 2045 vigilia
390 1962 531 2045 premissis,
550 1962 694 2043 legionibus
704 1964 763 2042 post
776 1966 828 2020 iin-

86 2048 239 2124 pedimenta
255 2052 293 2106 ire
313 2047 394 2125 jussis,
415 2046 468 2124 ipse
484 2044 591 2104 substitit
613 2065 676 2104 cuin
697 2047 825 2123 equiratm

88 2134 128 2194 dt,
153 2127 212 2187 luce
231 2143 295 2195 orta,
320 2131 421 2207 postero
440 2120 481 2187 die
501 2127 659 2206 obequitavit
678 2127 826 2186 stationibus

89 2208 215 2276 hostium,
240 2230 299 2289 quic
319 2224 389 2271 extra
407 2210 499 2271 saltum
523 2210 649 2288 dispositae
676 2225 765 2268 erant:
798 2215 826 2269 ὃς

87 2310 175 2371 quum
193 2292 251 2353 fitis
266 2294 311 2351 diu
330 2295 449 2351 tenuisset
463 2293 575 2357 hostem,
594 2293 621 2349 in
637 2295 715 2350 castro
728 2292 778 2359 sese
788 2310 827 2347 re-

89 2375 178 2453 cepit:
198 2388 324 2451 portaque
342 2375 417 2431 altera
433 2373 553 2449 egressus,
579 2386 639 2429 ante
654 2375 762 2428 nostem
781 2390 827 2449 ag·

90 2474 155 2514 men
175 2456 320 2534 assequitur.
366 2455 470 2510 Postero
490 2453 540 2516 die,
568 2451 625 2510 luce
647 2453 741 2530 prima,
764 2452 829 2532 juga

90 2538 203 2595 Ciminii
222 2537 322 2595 montis
339 2533 448 2594 tenebit.
472 2534 531 2591 inde
554 2534 742 2612 contemplatus
761 2553 828 2612 opu·

90 2618 158 2678 lenta
177 2619 285 2679 Etnuiae
302 2636 372 2684 aiva,
392 2613 486 2677 milites
502 2617 606 2677 emittit.
648 2618 751 2697 Ingenti
769 2617 827 2693 jani

91 2702 183 2760 abacta
203 2701 294 2777 preda,
310 2697 483 2758 tumultuariae
503 2700 641 2780 agrestium
662 2700 828 2760 Etiuscorum

91 2782 223 2848 cohortes,
242 2797 345 2861 repente
362 2779 546 2859 alprineipibus
564 2782 676 2861 regionis
692 2784 748 2857 ejus
764 2797 828 2835 con·

92 2866 185 2933 citatae,
204 2865 331 2925 Romanis
342 2875 492 2928 occurrunt,
511 2862 575 2924 adeo
591 2862 780 2941 incompositae,
800 2872 831 2918 ut

451 2950 476 3005 L
498 2964 513 3025 3
720 2940 842 2997 uindices
