1792 3284
81 188 150 257 166.
276 178 583 247 ''T.L1v·11

75 290 242 354 contumacia
253 289 283 347 ia
295 286 379 354 nultra
408 288 520 349 idern-in
535 287 654 347 oratione
671 284 774 363 spirllm

76 390 134 435 mt:
157 372 221 433 adoo
235 384 267 429 ut
279 388 377 453 magna
439 389 453 427 s
469 370 549 447 plebis
562 366 683 448 Appium
693 380 777 429 noum

77 456 126 516 nia
137 472 213 515 reum
231 453 347 519 timeret,
361 471 397 531 qu
454 450 589 511 consulem
602 452 736 511 timumats
765 450 777 507 i

78 538 131 597 mel
143 532 257 595 caudam
273 535 345 600 dixit,
365 554 421 613 quo
433 534 534 613 semper
547 552 625 613 agere
641 533 737 593 omnia
756 528 777 589 li

77 636 120 679 tus
140 634 204 683 erat,
233 614 394 677 accusatorio
412 615 509 695 spiritu.
536 614 652 695 aretque
676 614 777 676 molar

78 702 122 761 soa
143 706 172 760 bc
192 698 309 759 tribunos
328 698 497 775 obstupefecit
519 703 548 759 δι
559 698 674 777 plebem,
697 710 730 757 ut
745 696 777 755 dir

77 784 127 861 ipsr
148 781 193 841 sua
214 779 346 840 voluntate
361 780 544 857 prodicerent:
565 780 633 839 trabi
647 779 742 839 deinde
758 796 777 835 rr

80 867 199 923 srnerent.
237 860 313 922 Haud
325 862 361 919 ita
373 860 490 920 multum
503 863 610 921 interim
621 858 777 939 temporiali

80 960 142 1005 ante
158 960 256 1009 tamen,
282 940 362 1021 quim
383 944 502 1021 prodicta
521 945 575 1001 dier
592 945 701 1008 venia,
724 960 777 1001 mor

81 1028 202 1087 moritur.
225 1025 301 1101 cujus
325 1024 498 1083 laudationem
527 1044 594 1083 cum
616 1024 715 1084 tribtnri
741 1022 777 1103 ple

80 1108 205 1187 impedire
217 1120 370 1167 conarentur
383 1130 391 1172 ς
408 1106 477 1184 plebs
488 1107 601 1165 fraudari
611 1104 715 1165 sokrrni
723 1105 777 1165 bon

81 1191 233 1269 supremum
250 1190 321 1247 diem
339 1189 404 1248 tanti
418 1190 466 1246 viri
476 1188 579 1247 noluit:
599 1194 628 1249 bt
642 1187 777 1247 laudatione

83 1292 140 1333 tam
158 1273 238 1350 aequis
256 1270 358 1330 auribus
371 1273 470 1331 mortui
481 1271 590 1338 audivit,
613 1289 697 1348 quam
711 1270 764 1329 vivi

84 1353 244 1414 cusationem
262 1352 394 1412 audierat:
426 1358 454 1415 δι
469 1353 598 1431 exsequias
619 1354 740 1430 frequens
756 1368 777 1410 n

83 1438 176 1494 brarit.

127 1520 215 1577 LXII.
234 1516 335 1577 Eodem
350 1535 421 1574 anno
431 1515 545 1576 Valerius
557 1515 658 1582 consul,
674 1536 739 1576 enm
751 1534 777 1575 er

86 1600 140 1657 citu
153 1600 181 1655 in
194 1599 294 1675 AEquos
304 1598 444 1674 profedbrs,
468 1619 554 1679 quum
569 1599 675 1658 hostem
687 1600 720 1658 ad
735 1617 777 1677 prr

85 1700 134 1739 um
150 1680 238 1739 elicere
251 1697 306 1737 non
319 1680 410 1757 poffet,
434 1683 513 1740 castra
527 1700 682 1760 oppugrnre
699 1682 739 1739 est
748 1679 777 1739 ad

86 1782 138 1823 tus.
175 1760 393 1821 Probibuitfoeda
407 1765 554 1840 tempestas,
576 1783 642 1823 cum
657 1762 777 1841 grandine

87 1844 223 1904 tonitribus
248 1842 318 1902 coelo
339 1845 448 1921 dejedta.
497 1845 706 1905 Admirationem
734 1844 777 1902 dei

87 1928 166 1990 auxit,
187 1927 262 2002 signo
276 1930 390 2002 receptui
405 1928 474 1991 dato,
499 1927 562 1987 adeb
582 1926 718 2004 tranquilh
734 1926 777 1985 seri

87 2021 127 2063 tas
141 2006 245 2071 reddita,
261 2018 291 2062 ut
306 2005 375 2064 velut
389 2010 498 2067 numine
519 2009 605 2089 aliquo
621 2005 727 2069 defensa
747 2026 777 2065 ca

85 2105 237 2164 oppugnare
250 2086 345 2145 iterum
360 2088 450 2169 religio
462 2089 550 2152 luerit:
569 2092 660 2149 omnis
672 2092 709 2150 ira
724 2087 777 2149 belli

87 2168 284 2247 populationem
306 2172 362 2248 agri
384 2176 469 2233 vertit.
509 2174 576 2233 Alter
601 2171 690 2235 consul
703 2173 777 2231 AErni

89 2253 116 2310 in
131 2250 230 2309 Sabinis
243 2249 339 2309 bellum
355 2254 438 2331 geffrt.
470 2262 498 2315 bc
517 2257 562 2321 ibi,
578 2257 641 2335 quia
657 2254 741 2313 hostia
754 2272 777 2311 rr

89 2330 164 2391 nibus
179 2332 203 2391 se
219 2331 328 2398 tenebat,
352 2339 442 2395 vastati
455 2339 510 2416 agri
525 2338 594 2396 sunt.
632 2336 764 2395 Incendiis

90 2416 157 2481 inde,
183 2433 239 2473 non
262 2414 380 2473 vilarum
402 2419 491 2485 modb,
527 2419 568 2478 sed
591 2420 673 2477 etiam
697 2420 777 2479 vicen

90 2497 183 2575 quibus
195 2495 340 2576 frequenter
353 2498 520 2565 habitabatur,
541 2501 629 2559 Sabini
638 2501 728 2565 exciti,
743 2519 777 2579 qu

89 2579 272 2652 praedatoribus
283 2582 458 2650 occurriffent,
480 2585 585 2661 ancipiti
604 2582 703 2661 proelio
716 2583 777 2662 digr

88 2661 190 2737 postero
206 2662 248 2717 die
260 2662 366 2720 retulere
379 2668 456 2724 castra
469 2665 497 2724 in
509 2667 605 2725 tutiora
616 2664 684 2725 loca.
724 2666 759 2723 Id

92 2736 190 2829 ¹consuli
203 2739 297 2806 visum,
322 2764 367 2802 cur
385 2767 434 2824 pro
454 2750 528 2807 vibio
542 2747 695 2829 relinqueret
706 2745 777 2808 hosti

91 2834 193 2901 integro
207 2822 271 2880 inde
280 2824 404 2887 decedens
416 2828 488 2889 bello.

635 2994 741 3057 LXIII.
762 2994 776 3052 l
