1792 3284
239 130 272 227 1,
291 130 351 200 iu
370 130 400 200 u
419 132 450 201 u
489 132 534 201 x.
708 154 771 223 305

49 244 107 324 muel
119 242 227 305 Fabium
244 244 363 303 arcebant
375 246 460 324 magis
475 243 553 323 quim
569 242 710 306 inferebant
723 268 772 325 pu·

49 346 139 407 mam:
168 325 394 406 extrahebaturque
415 330 442 384 in
456 325 537 406 quim
553 325 671 388 maxime
684 329 771 388 serum

49 411 87 470 lei
107 422 262 470 certamen:
287 412 348 488 quia
364 412 400 469 ita
419 410 565 490 persuasum
580 428 634 471 erat
654 412 723 477 duci,
743 418 771 470 ὃ(

49 494 165 552 amnites
177 491 298 553 &Gallos
310 494 403 570 primo
409 494 510 571 impetu
523 492 620 554 feroces
631 496 690 560 elie,
704 512 771 572 quos

49 575 151 635 ustlneri
168 573 271 634 satisfit
285 598 295 641 ς
312 575 428 655 longiore
443 581 584 637 certamine
603 578 695 637 sensim
712 578 773 636 refi-

49 660 93 716 lere
109 658 265 716 Samnitium
282 659 402 717 animos:
422 659 559 719 Gallorum
568 662 674 740 quidem
692 662 772 718 etiam

49 758 144 819 otpora
157 738 375 799 intolerantiffima
387 738 481 800 laboris
491 756 567 820 atque
587 744 662 802 aelius
673 744 751 801 fluere
762 762 771 808 ς

49 824 171 900 rimaque
189 840 281 880 eorum
302 821 394 898 proelia
414 821 549 900 plusquam
573 826 698 888 virorum,
723 842 773 901 po-

49 911 132 963 isemar
149 906 239 961 minus
251 901 331 980 quim
345 901 502 962 feminarum
520 904 578 964 effe.
616 908 648 962 ln
663 906 690 963 id
705 919 773 962 tem·

49 1008 83 1045 us
97 988 191 1064 igitur,
212 1003 266 1061 quo
280 984 349 1043 vinci
360 984 453 1046 solebat
465 986 554 1052 holiia,
570 985 650 1064 quim
662 988 775 1066 integer·

49 1070 117 1127 imas
139 1067 205 1123 vires
222 1066 298 1125 militi
317 1066 437 1129 struebat.
482 1071 602 1129 Ferocior
627 1071 723 1130 Decius
745 1073 774 1128 &

49 1166 108 1211 ,tate
127 1153 156 1208 &
169 1149 258 1226 vigore
272 1150 362 1215 animi,
379 1164 609 1229 quantumcunque
619 1152 714 1211 uitium
729 1150 773 1208 ha

49 1234 102 1297 uir,
123 1232 266 1290 certamine
279 1232 368 1305 primo
377 1230 490 1289 effudit:
518 1237 546 1291 &
558 1224 618 1308 qula
630 1233 722 1289 lentior
735 1233 775 1287 via

49 1312 141 1373 lebam
161 1312 283 1391 pedestria
304 1300 400 1391 pugna,
433 1312 579 1390 equitatum
603 1315 633 1370 in
657 1331 774 1391 pugnam

50 1396 171 1455 oncitat:
192 1398 220 1454 δι
233 1391 294 1471 ipse,
315 1391 458 1453 fornffimae
472 1395 602 1471 juvenum
616 1408 711 1455 turma
724 1394 776 1451 im·

49 1478 139 1543 uilius,
159 1492 215 1537 orat
228 1494 346 1554 proceres
359 1477 511 1552 juventutis,
528 1494 559 1538 ut
575 1478 662 1537 secum
683 1477 712 1534 in
726 1475 778 1534 ho·
830 1510 838 1519 -

49 1562 102 1621 hm
115 1561 248 1638 impetum
261 1556 356 1618 faciant
368 1582 375 1616 ε
396 1559 526 1637 duplicem
547 1560 650 1619 illorum
665 1559 776 1638 gloriam

49 1640 102 1709 ore,
121 1643 142 1701 ti
167 1641 199 1699 ab
216 1641 284 1699 laevo
304 1660 386 1699 cornu
401 1646 429 1701 &
440 1642 474 1699 ab
486 1643 572 1719 equite
584 1644 694 1701 villoria
710 1639 776 1699 inci·

49 1727 99 1787 iat.
136 1725 179 1783 Bis
207 1736 318 1781 avertere
338 1722 470 1785 Gallicum
495 1724 648 1800 equitatum.
677 1725 777 1781 iterum

49 1800 139 1887 angius
156 1807 271 1869 melios,
291 1808 319 1863 δε
335 1806 394 1880 jam
408 1805 474 1862 inter
487 1806 573 1862 mealia
589 1806 708 1881 equitum
729 1822 775 1881 ag·

49 1885 381 2047 lltltllttllli‘tz
401 1887 777 2048 limiti}

49 2026 62 2111 'n
117 2052 242 2112 tisonitu
263 2042 392 2129 equorum
412 2065 581 2130 rotarumque
607 2051 717 2116 advenit,
747 2053 776 2110 δε

49 2072 154 2196 ulellltos
180 2133 237 2209 ejus
260 2133 388 2191 tumultus
415 2138 597 2194 Romanorum
637 2132 777 2192 conterruit

49 2238 130 2298 quoe.
168 2216 209 2273 Ita
229 2216 356 2274 viliorem
379 2219 521 2293 equitatum
545 2216 614 2275 velut
636 2213 777 2292 lymphati·

49 2321 86 2361 us
100 2305 183 2379 pavor
195 2297 314 2373 diffipat:
344 2301 431 2356 sternit
445 2301 505 2357 inde
523 2312 626 2356 ruentes
643 2317 724 2373 equos
736 2294 777 2352 ui·

49 2384 133 2459 osque
146 2380 293 2458 improvida
314 2379 385 2457 fuga.
424 2380 539 2437 Turbata
554 2380 617 2435 hinc
632 2381 711 2433 etiam
726 2376 778 2453 fig·

49 2487 74 2525 ra
86 2464 223 2545 legionum
236 2484 243 2520 ι
267 2459 394 2536 multique
407 2462 507 2538 impetu
520 2477 648 2537 equorum
662 2477 692 2515 ac
705 2455 777 2515 vehi·

49 2547 161 2609 ‚ulorum
171 2558 305 2622 raptorum
322 2561 367 2619 per
379 2562 475 2621 agmen
490 2541 577 2600 obtriti
598 2540 753 2620 antefigmni
769 2562 777 2599 ι

49 2639 68 2691 ie
82 2629 203 2691 insecuta,
224 2623 299 2684 simnl
310 2626 411 2682 territos
423 2624 508 2685 holles
522 2625 592 2689 vidit,
604 2622 699 2683 Gallica
712 2623 777 2683 aeica

49 2711 142 2774 tullum
160 2709 270 2786 spatium
290 2705 425 2783 respirandi
443 2708 631 2786 recipiendique
658 2704 682 2763 se
700 2704 777 2767 dedit.

49 2792 185 2857 uocifeari
199 2791 302 2857 Decius,
319 2789 389 2872 ‚Qui
398 2789 542 2869 sugerem!
559 2809 673 2870 quamve
690 2791 716 2845 in
727 2787 777 2863 fu·

49 2879 158 2961 ‚raspem
171 2869 314 2934 halom
345 2870 464 2935 obulum
479 2871 634 2939 comtibus
660 2889 692 2930 ac
703 2883 778 2927 reve·

721 2960 780 3005 earn
