1792 3284
320 147 641 222 LIBERVII.
793 170 835 251 ⁶9

96 260 165 323 laria
176 254 315 318 tundentes
327 258 439 319 versibus
452 279 566 338 coepere:
578 279 629 319 nec
642 258 728 320 absoni
741 263 756 322 l
771 281 838 323 voce

100 342 196 404 mutus
209 352 289 400 erant.
327 343 440 420 Accepta
453 345 538 421 itaque
549 363 597 408 res,
619 343 754 423 saepiusque
767 345 841 402 usur·

105 425 320 505 pautluexcitata‚
346 424 487 482 vernaculis
511 426 662 493 artificibus5
684 429 744 504 quia
763 426 839 485 hister

108 506 195 570 'rusco
208 506 290 565 verbo
301 504 372 563 ludio
386 508 533 573 vocabatur,
558 528 658 567 nomen
677 509 842 567 histrionibus

107 585 235 649 inclitum:
265 590 312 668 qui
331 609 393 655 non,
421 592 485 651 srcut
503 605 570 656 ante,
592 590 750 651 Fescennino
768 590 843 649 versu

107 672 218 733 fimilem
236 674 447 748 incompositum
464 686 564 730 temere
584 693 615 730 ac
636 674 727 732 rudem
741 673 844 733 alternis

104 755 250 835 jeciebaut3
280 754 322 812 sed
341 754 458 832 impletas
478 756 563 811 modis
585 754 686 819 saturas,
714 756 857 833 descripto,

106 839 162 916 jam
173 839 207 897 ad
219 837 355 896 tibicinem
368 853 455 902 cantu,
475 852 604 913 motuque
617 840 771 915 congruenti
785 855 844 913 pet·

107 922 238 1003 agebant„
269 921 359 979 Livius
375 921 434 997 post
454 918 550 997 aliquot
568 936 658 983 annos,
678 919 722 995 qui
734 919 767 976 ab
780 918 847 977 satu·

108 1006 142 1063 ris
154 1004 234 1062 ausus
242 1002 398 1080 'est-primus
411 1016 566 1081 argumento
579 999 693 1058 fabulam
703 999 791 1065 serere,
810 1000 846 1077 (r-

107 1086 169 1145 'dem
184 1083 290 1149 scilicet,
309 1085 335 1141 id
353 1085 423 1162 quod
442 1104 536 1142 omnes
552 1100 612 1142 tum
632 1096 713 1148 erant,
739 1081 847 1141 suorum

108 1169 267 1228 erminum
279 1166 363 1239 astur)
374 1166 475 1231 dieitur,
500 1184 586 1242 quum
606 1164 695 1241 saepius
713 1178 848 1223 revocatus

108 1268 213 1310 vocem
226 1246 378 1305 obtudillet‚‘
394 1248 466 1304 venia
478 1248 566 1322 petita.
584 1263 693 1319 puerum
707 1246 739 1301 ad
755 1256 849 1303 canen·

109 1333 183 1390 dum
197 1342 260 1387 ante
273 1326 405 1384 tibicinem
424 1344 508 1405 quum
528 1325 660 1387 statuili'et,
677 1327 806 1383 canticum
823 1343 852 1382 e·

107 1413 178 1495 gilse
192 1410 327 1486 aliquanto
344 1408 427 1488 tnagis
444 1406 543 1487 vigenti
553 1422 639 1471 motu,
656 1406 715 1484 quia
730 1406 794 1465 nihil
806 1423 855 1463 vo·

111 1500 151 1558 cis'
161 1492 224 1553 usus
235 1490 397 1567 impediebat.
415 1490 474 1547 inde
488 1490 520 1547 ad
533 1506 646 1552 manum
659 1490 754 1546 cantari
770 1488 855 1547 histri·

110 1576 210 1639 unibus
224 1590 355 1648 coeptum,
373 1571 535 1649 diverbiaque
547 1568 650 1631 tannim
664 1570 781 1648 ipsorum
794 1569 854 1629 voci

113 1660 215 1720 telleia.
254 1657 403 1733 Postquam,
426 1653 483 1733 lege
505 1652 554 1711 hac
573 1652 726 1717 fabularum,
752 1653 784 1710 ab
803 1653 854 1709 rilu

114 1762 147 1803 uc
166 1739 253 1800 soluto
267 1739 330 1813 joco
342 1756 381 1794 res
394 1734 554 1799 avocabatur,
583 1734 703 1794 &ludus
726 1736 752 1791 in
770 1748 855 1791 artem

115 1822 248 1904 paullatim
272 1830 392 1886 verterat3
420 1818 553 1892 juventus,
578 1814 742 1875 histrionibus
757 1814 857 1871 labella·

119 1925 183 1966 rum
196 1905 260 1963 aem
270 1901 369 1964 celleio,
391 1899 442 1976 ipsa
456 1900 522 1956 inter
534 1896 560 1953 se
575 1914 651 1952 more
670 1896 776 1973 antiquo
796 1895 857 1952 ridi·

122 1988 179 2048 cula
192 1989 288 2043 intexta
303 1981 414 2040 Vetfibus
424 1982 544 2056 jactitare
557 1978 648 2055 coepit:
671 1997 730 2055 quae
742 1976 799 2033 inde
812 1994 857 2034 ex·

123 2072 183 2128 udin
199 2069 285 2145 polica
303 2061 438 2143 appellata,
473 2061 635 2136 consertaque
650 2058 744 2117 fabellis
758 2056 857 2135 petilli-

125 2150 205 2212 mim
220 2141 345 2205 'Atelanis
364 2144 431 2202 sunt.
479 2143 557 2219 Quod
579 2160 662 2221 genus
684 2142 804 2199 ludorum
825 2140 859 2199 ab

123 2234 346 2306 osciancceptum
362 2227 443 2284 tenuit
461 2226 592 2302 juventus,
621 2242 669 2281 nec
688 2223 720 2283 ab
733 2222 861 2280 histrioni·

122 2315 176 2375 bus
195 2312 273 2391 pollui
291 2308 428 2388 pallacii.
475 2313 515 2366 Eo
536 2308 683 2364 institutum
707 2320 805 2366 manet,
830 2314 861 2360 ut

121 2398 230 2456 adores
248 2392 417 2451 Atellanarum
436 2409 484 2447 nec
504 2389 573 2445 tribu
594 2397 758 2448 moveantur,
778 2388 806 2441 ὃ(
821 2382 864 2439 lii-

98 2478 230 2543 Poendia,
262 2492 386 2552 tanquam
405 2486 520 2548 expertes
541 2469 601 2526 artis
620 2468 737 2531 ludinae,
762 2464 866 2523 faciant.

85 2542 200 2619 [mter
210 2559 316 2618 aliarum
331 2573 408 2632 parva
420 2553 544 2628 principia
555 2568 651 2613 rerum,
670 2548 789 2607 ludorum
800 2564 867 2625 quo·

85 2642 169 2706 911⁶
200 2643 286 2720 prima
306 2639 383 2715 origo
397 2634 516 2710 ponenda
535 2632 586 2691 vila
602 2634 654 2697 est;
681 2647 711 2687 ut
730 2643 868 2706 appareret,

84 2710 211 2802 (Ιυξῑῃ
230 2723 262 2780 ab
276 2717 337 2776 sano
350 2717 425 2775 initio
438 2734 477 2773 res
493 2717 519 2773 in
534 2714 608 2778 hanc,
629 2711 815 2790 vinopulentis
829 2726 868 2765 re·

80 2798 193 2865 μὴ
205 2797 374 2885 tolerabilem,
394 2796 522 2882 insaniam
532 2796 640 2884 tenerit.
679 2862 682 2869 ,

745 2951 804 3014 ill.
816 2945 891 3024 tlte
