1792 3284
112 114 466 247 urnunxxi.
586 206 648 273 au

56 300 72 340 u
89 281 160 341 adire
176 280 317 341 decemviri
339 281 409 359 julli.
427 281 497 361 qurld
518 298 605 347 aurem
618 290 655 351 la·

56 366 133 427 ‚uisset
152 367 180 425 in
197 368 303 431 Pioeno,
329 367 481 427 novendiale
502 366 605 433 sacrum
627 386 656 431 e·

62 454 91 511 δι
109 449 214 510 subinde
233 449 287 508 aliis
303 452 472 526 procurandis
495 470 578 531 prope
597 468 656 517 tota

56 548 123 594 erata
136 534 197 596 fuit.
237 536 299 616 Jam
315 536 435 613 primurn
450 538 575 596 omnium
593 536 656 597 urbs

56 639 71 677 ¹:
94 617 234 696 hostiaeque
247 619 370 695 majores,
391 618 484 699 quibus
495 620 596 682 editum
609 620 658 687 eil,

61 724 67 759 ι
88 704 116 762 &
136 702 238 760 donum
256 721 289 760 err
307 702 363 759 auri
380 702 471 780 pondo
488 704 657 785 quadraginta

56 784 109 843 aad
131 785 243 864 Junonis
259 797 393 863 portatum
417 786 474 843 est:
500 791 529 847 δί
548 788 655 869 signum

56 882 172 927 natronae
190 867 290 947 Junoni
315 866 343 923 in
372 867 504 926 Aventino
524 870 657 929 dedicave-

56 949 238 1007 leclisternium
259 950 339 1014 Caere,
358 949 404 1006 ubi
423 948 503 1009 sortes
518 964 658 1011 attenuatae

57 1046 186 1107 peratum:
205 1034 234 1090 δι
254 1028 406 1108 supplicatio
426 1034 547 1092 Fortunae
565 1035 594 1090 in
613 1030 659 1091 lil-

57 1132 119 1172 nmae
136 1131 241 1191 quoque
257 1116 285 1173 δε
309 1112 494 1173 leslillerninm
513 1114 658 1194 juventuti,

58 1197 111 1254 atio
130 1198 161 1253 ad
181 1196 265 1253 aedem
285 1196 410 1260 Herculis,
433 1198 593 1255 nominatim
612 1198 658 1255 de-

57 1278 108 1336 erso
127 1278 236 1357 populo,
257 1278 325 1335 circa
344 1278 434 1335 omnia
452 1276 600 1356 pulvinaria,
617 1278 659 1335 in·

57 1405 58 1414 ,
79 1362 166 1421 Genio
187 1360 301 1435 majores
324 1358 414 1416 hostiae
435 1358 506 1419 caesae
522 1360 664 1439 quinque:

57 1442 113 1500 ilius
135 1448 254 1500 &uanus
271 1454 365 1517 praetor
383 1454 445 1500 vota
463 1440 588 1519 suscipere
604 1440 659 1519 jus-

71 1526 161 1583 deccm
180 1542 264 1581 annos
282 1521 423 1600 respublica
441 1525 534 1583 eodem
554 1522 659 1583 stetisset

58 1626 93 1664 aec
109 1620 243 1683 procurata
260 1618 373 1682 votaque
391 1622 423 1663 er
442 1604 512 1666 libris
532 1604 659 1685 Sibyllinls

57 1708 59 1745 ὲ
73 1704 142 1766 parte
155 1687 298 1747 levaverant
310 1690 412 1747 animos
424 1690 556 1770 religione.

57 1815 61 1828 .
84 1770 229 1829 Consulum
250 1770 443 1849 defignatorum
463 1774 524 1831 alter
538 1770 661 1830 Flamini·

57 1873 85 1912 :ae
103 1853 225 1932 legiones,
256 1871 315 1929 qnae
332 1852 465 1913 l'laoentiae
485 1854 661 1920 hibernabant,

57 1952 154 1998 nerum,
180 1936 297 1993 edietum
318 1937 346 1993 &
367 1934 449 1992 literas
474 1938 505 1993 ad
525 1934 659 1994 consrrlem

71 2020 94 2076 io
108 2018 232 2076 exercitus
253 2014 340 2074 Idibus
361 2018 462 2074 Martiis
480 2017 595 2075 Arimini
615 2017 660 2075 ad·

57 2100 125 2162 uiris.
165 2101 234 2159 Huic
251 2098 280 2155 in
298 2098 432 2176 provincia
443 2099 606 2158 consulatum
621 2100 662 2157 in-

57 2185 111 2241 ium
132 2196 194 2249 erat,
215 2182 330 2239 memori
349 2194 466 2241 umerum
484 2181 661 2241 certaminum

58 2266 122 2331 ibus,
144 2285 202 2343 quac
211 2263 329 2324 tribunus
347 2262 436 2340 plebis,
455 2268 484 2325 &
502 2274 561 2343 quie
573 2264 662 2342 poster

58 2344 107 2405 riis
130 2348 161 2404 de
177 2345 318 2409 consulatu,
337 2346 384 2420 qui
404 2344 583 2424 abrogabatur,
602 2346 663 2403 dein

57 2432 107 2507 phu
126 2428 265 2488 habuerat:
288 2424 383 2486 invisus
400 2426 481 2486 eiiam
496 2428 612 2487 Patribus
627 2426 665 2485 ob

58 2532 135 2591 egem,
155 2531 236 2590 quam
255 2516 296 2591 Q
308 2508 429 2569 Claudius
447 2508 563 2569 usnunus
584 2508 664 2588 plebia

58 2598 181 2661 senatum,
201 2614 255 2654 uno
276 2596 382 2653 Patrum
403 2592 541 2672 adjuvante
558 2594 593 2653 C.
608 2590 664 2651 lla-

58 2679 151 2745 ulerar3
180 2697 214 2738 ne
234 2678 290 2756 quis
312 2675 432 2743 semor,-
446 2678 525 2757 quive
543 2660 664 2737 scansoria

58 2762 108 2830 sset,
128 2762 289 2821 maritimam
311 2778 414 2825 navem,
434 2772 491 2840 qnae
506 2758 565 2842 plus
582 2750 664 2837 quim

58 2860 98 2930 rm
114 2845 300 2925 amphorarum
317 2844 387 2914 ellit,
405 2844 518 2914 baboel.
555 2836 665 2983 mulli&

642 2936 663 2979 1-
