1792 3284
16 21 103 79 Ἠ
142 62 151 139 ¹·
198 86 201 93 ’
280 60 492 163 LIBER
526 94 586 161 tx.
742 120 803 186 223

65 200 177 265 duellem
187 202 219 263 td
230 194 485 263 circumveniendum
499 204 577 280 cepit,
601 208 629 264 δι
642 205 736 265 diverfi
755 210 807 267 sta·

65 288 122 346 tuit
134 284 212 365 tigne.
225 282 363 361 ‘lofestior
375 302 464 345 tamen
477 288 504 342 in
517 302 680 363 erumpentes
692 290 806 350 inceffit:

69 386 122 425 uec
138 386 234 447 turgeo
244 370 385 427 certamine
396 370 463 427 intra
476 370 577 427 muenia
590 370 727 447 compulit.
742 388 805 433 tum

70 460 151 507 totam
164 451 249 509 ueiens
263 451 290 507 in
310 452 437 510 Samnites
450 450 570 511 obvertit.
593 451 630 509 ibi
648 451 704 529 plus
723 472 804 513 certa-

65 532 144 591 minis
156 532 216 593 finit.
254 532 372 589 vidiorir
382 534 447 593 sreut
461 532 521 597 serr,
541 534 576 593 ita
586 553 635 594 nec
649 534 737 613 dubia²
755 556 803 593 nec

62 614 132 673 varia
143 612 204 675 fuit.
244 614 302 671 Ful‘r
317 616 344 671 in
366 616 447 675 calluc
459 617 594 682 Samnites,
612 618 735 676 extindlis
753 636 804 674 no·

61 694 107 751 dte
119 694 233 773 ignibus,
253 698 334 755 tacito
346 700 452 777 agmine
468 698 582 757 abeunt:
606 704 645 763 St,
669 699 713 775 spe
731 700 803 775 abje-

60 776 107 835 tta
120 776 237 837 muculae
256 778 368 844 tuendae,
398 779 512 837 Plistiam
530 780 578 854 ipsi
597 776 681 839 socios
698 785 802 841 Roma·

58 876 169 923 nomm,
195 876 226 919 ut
243 878 332 937 parem
352 860 472 919 dolomm
490 859 560 919 hosti
576 861 718 929 redderent,
750 865 801 923 cir·

59 940 224 1001 cumfidunt.

101 1024 198 1083 xxti.
227 1025 307 1081 Anno
334 1023 504 1090 commuue,
539 1022 635 1083 bellum

55 1102 365 1185 mensurium
383 1106 510 1184 Qruto
528 1109 633 1186 gestum
669 1078 797 1129 ΜΦ·

55 1188 107 1247 est.
146 1186 272 1245 Conluler
289 1192 362 1254 nori,
398 1188 465 1247 srcut
486 1190 635 1267 superiores,
666 1162 800 1283 22:⁸39·

54 1270 163 1327 Romus
181 1268 352 1327 munierunt:
380 1268 472 1325 Fabius
490 1272 523 1327 ad
541 1271 636 1344 accipi-

54 1350 162 1409 endum
181 1348 215 1407 ab
232 1349 341 1407 AEmilio
365 1350 508 1409 exercitum
530 1352 561 1408 ad
580 1346 717 1408 Saticulam
735 1366 799 1407 eum

56 1430 244 1509 supplemento
261 1432 339 1492 teuit.
360 1450 445 1511 neque
463 1434 536 1491 enim
557 1432 683 1491 Samnites
701 1430 732 1490 ad
749 1427 798 1487 Pli-

55 1514 135 1573 stiam
150 1512 310 1582 manserem
333 1513 386 1581 scd,
404 1516 493 1574 accitis
507 1514 538 1573 nb
551 1515 636 1572 domo
648 1514 724 1571 noris
744 1510 799 1569 mi·

54 1594 153 1663 itibus,
179 1594 342 1658 multitudine
355 1598 414 1657 freti
432 1599 510 1656 castre
525 1596 628 1663 codem,
656 1614 711 1671 quo
729 1606 798 1658 ante,

54 1674 117 1737 loco
129 1677 275 1757 rodmunt,
303 1678 498 1759 lteeffenteffiue
509 1680 603 1757 proelio
616 1682 755 1737 Romanos
769 1696 796 1733 a·
825 1714 828 1721 -

54 1762 200 1821 macab
214 1760 348 1843 obsidione
359 1760 525 1829 conabantur.
563 1766 603 1821 Eo
615 1757 737 1819 intentidr
755 1758 795 1815 di·

56 1842 142 1901 stator
157 1844 187 1901 in
203 1844 307 1903 muenia
326 1844 443 1903 hostium
459 1842 552 1907 versus,
581 1844 609 1901 id
624 1840 720 1898 bellum
736 1854 795 1897 tan·

54 1922 115 1985 tdm
129 1924 305 2003 decerequod
319 1926 411 1985 urbem
423 1922 610 2005 oppugmbatr
638 1920 748 1981 securior
763 1919 797 1979 ch

55 2006 215 2067 Samnitibus
225 2027 308 2087 agere,
328 2005 478 2067 fladonibus
495 2004 579 2067 modd
600 2005 733 2085 opposuit,
758 2020 794 2062 ne

54 2106 106 2167 qua
129 2090 158 2147 in
183 2091 264 2148 eastra
285 2091 324 2149 ris
343 2092 422 2149 fieret.
457 2109 490 2148 eo
510 2084 619 2149 ferocids
643 2087 792 2166 obequitare

54 2172 183 2231 Samnites
196 2170 270 2237 vallo,
288 2190 373 2251 neque
387 2172 474 2231 otium
486 2173 549 2248 pati.
587 2177 621 2232 Et
635 2190 720 2248 quum
732 2169 791 2245 jam

52 2252 526 2415 tetrufflttlttttlr
544 2252 792 2413 {illnlllill

51 2427 137 2481 tanus,
154 2435 254 2495 magno
267 2418 382 2477 tumultu
395 2436 456 2475 cum
469 2415 594 2475 omnibus
612 2415 707 2474 ttumis
719 2414 793 2489 equi·

52 2511 111 2555 tum
124 2500 239 2565 eredens,
258 2499 404 2557 summovit
417 2498 520 2557 hostem
536 2522 545 2555 .·
562 2510 622 2555 tum
636 2497 663 2553 in
676 2492 789 2557 minime

46 2581 175 2655 pertinaci
195 2600 287 2659 genere
308 2598 403 2659 pugnae
420 2580 457 2638 fic
472 2578 577 2639 fortuna
590 2579 704 2640 exercuit
717 2598 788 2656 opes,

36 2675 80 2721 tlt
94 2662 202 2742 inriguis
216 2664 348 2739 utrimque
369 2662 459 2727 clades,
483 2665 511 2723 &
525 2661 590 2721 clara
610 2661 725 2739 ipsorum
739 2661 788 2722 du-

21 2748 116 2803 Qum
134 2744 220 2803 ederet
240 2744 338 2806 ferrern
375 2744 447 2803 Prior
465 2746 623 2805 Samnitium
638 2747 789 2822 imperator,

13 2828 119 2909 *gre
133 2828 235 2907 patient
253 2846 309 2909 quo
326 2840 382 2888 tam
403 2826 522 2889 fuoeiter
537 2828 709 2911 adequitdffst
728 2825 789 2963 insist

380 2912 407 2971 K
426 2929 446 2986 4
775 2923 791 2963 e
846 2957 851 2962 .
