1792 3284
130 288 192 350 152
364 266 419 334 Τ.,
439 264 471 333 L
490 265 505 331 l
528 262 592 331 Vl
613 268 629 333 l

127 376 423 456 TuscusagerRomaao
436 373 543 449 adjacet,
555 372 600 433 sua
613 386 670 435 tuta
680 374 782 441 omnia
793 373 856 435 inle-

130 460 170 516 iia
179 458 303 523 bostium,
325 475 446 537 vagmsoes
459 474 505 533 per
516 457 759 533 utrumquefinen.
771 457 859 517 boue.

125 539 291 597 Intervallum
303 540 395 597 deinde
413 537 483 595 baud
501 555 630 616 magnum
649 536 859 615 popsrlatiorubus

125 619 187 678 fuit:
209 623 275 679 dum
291 627 319 682 δι
332 622 464 696 Veientes,
480 621 607 679 accitoex
623 620 727 679 Etruria
738 622 859 687 weita.

124 702 269 778 praesidium
283 706 414 761 Cremerae
427 696 598 779 oppugnatus¹
623 706 653 761 δε
670 702 805 761 Romanae
824 703 859 763 le·

123 786 225 862 giones,
246 784 279 843 ab
296 790 326 843 L.
338 782 448 841 AEmilio
459 784 571 841 Consule
583 781 709 849 adiubit,
736 784 860 845 cominus

124 884 190 922 curn
212 866 322 925 Etnrscis
338 866 462 923 dimicant
477 866 540 922 acie.
560 883 710 943 quanquam
732 867 778 923 vix
799 867 858 925 diri-

123 948 203 1025 gendi
221 951 303 1006 aciem
324 945 437 1024 spatium
460 945 612 1021 Veientibus
629 947 690 1005 fuit.
704 944 769 1005 adab
791 949 858 1010 inter

122 1031 237 1103 primam
262 1030 468 1105 trepidationem,
496 1029 562 1085 dum
581 1029 642 1103 post
662 1028 737 1105 ligna
754 1029 859 1089 ordines

121 1112 263 1175 introeunt,
283 1110 438 1187 subsidiaque
448 1109 543 1173 locant,
560 1108 665 1167 inveaa
677 1106 763 1167 subitb
772 1109 808 1167 ab
820 1110 857 1170 la·

120 1208 174 1249 tere
187 1198 311 1251 Romana
323 1195 440 1270 equitum
455 1188 502 1254 ala,
521 1209 576 1249 non
587 1209 685 1268 pugnae
694 1188 778 1249 modb
792 1193 857 1253 inci-

120 1276 227 1350 pienda,
238 1274 280 1333 sod
289 1275 441 1333 corilistendi
453 1272 551 1331 ademit
562 1270 662 1331 locum.
680 1272 857 1333 Insubrum

119 1356 151 1412 ad
166 1355 222 1415 saxa
234 1356 375 1429 Rubra(ibi
392 1358 471 1415 mura
483 1353 718 1431 iubebsor)paoem
731 1352 858 1433 supplices

118 1440 299 1515 perun-eeujus
308 1441 458 1517 impetrato,
469 1436 788 1503 abiosrtaauimislevitate‚
797 1454 856 1499 aute

118 1520 261 1578 dedubbum
270 1524 391 1579 Cremera
402 1526 557 1579 Romanum
566 1519 712 1595 praesidium
721 1520 857 1596 poenituit.

164 1609 194 1661 L.
210 1603 308 1661 Rursus
321 1622 384 1661 cum
401 1602 481 1659 Fabiis
491 1619 544 1661 erat
557 1603 660 1675 Veienti
672 1602 779 1679 populo,
802 1604 856 1661 sine

117 1683 171 1740 ullo
188 1687 294 1759 majoris
318 1684 374 1741 beli
386 1700 515 1761 apparatu,
536 1698 683 1743 certarnen:
711 1703 760 1743 nec
780 1700 854 1745 aaut

117 1767 276 1826 incurliones
290 1765 372 1825 modb
384 1768 412 1822 in
426 1786 509 1844 agros,
531 1782 575 1824 aut
588 1763 663 1823 subiti
677 1767 792 1844 impetus
810 1770 852 1825 in·

116 1849 284 1915 cursantium,
306 1849 347 1909 sed
359 1848 492 1926 aliquoties
505 1866 580 1926 aoquo
594 1867 693 1925 campo
704 1847 853 1928 collatisque

115 1931 194 2007 lignis
208 1946 343 1991 certatum.
367 1931 481 2009 gensque
499 1950 552 1987 una
565 1928 654 2006 populi
674 1931 793 1989 Romani
805 1928 853 1988 sn·

115 2031 149 2088 pe
163 2031 195 2067 ex
208 2014 405 2087 opulentissima,
424 2031 452 2069 ut
464 2028 523 2069 tum
537 2031 576 2069 res
589 2024 670 2076 arant,
692 2010 800 2071 Etrusca
813 2014 851 2071 ci·

115 2095 193 2148 vitate
206 2096 342 2149 viatorum
357 2093 426 2153 tulit.
464 2097 493 2150 ld
515 2091 601 2171 primb
620 2094 744 2151 acerbum
764 2094 850 2173 indig-

114 2194 232 2250 numque
252 2174 402 2248 Veientibus
420 2175 512 2234 visum.
541 2177 598 2234 inde
618 2175 758 2234 confilium
773 2196 807 2233 ex
820 2194 849 2235 re

112 2258 330 2355 natum‘inlidiis
341 2257 456 2314 ferocem
469 2259 571 2317 hostem
586 2258 718 2334 captandi:
738 2259 849 2337 gaudere

113 2343 203 2404 ctiam,
231 2339 316 2396 multo
341 2339 452 2396 successu
473 2341 557 2405 Fabiis¹
572 2340 704 2398 audaciam
729 2338 850 2399 crestae.

110 2424 202 2498 Itaque
219 2426 246 2481 δε
261 2440 352 2497 pecora
363 2422 532 2500 praedantibus
544 2422 686 2499 aliquoties,
711 2421 783 2480 velut
805 2440 848 2481 ca·

111 2502 140 2559 su
154 2505 304 2569 incidissent,
322 2504 427 2561 obviam
442 2506 512 2562 asta:
535 2510 563 2563 &
574 2506 714 2581 agrestium
725 2503 793 2584 fuga
800 2523 846 2563 va·

110 2586 142 2641 sti
154 2586 236 2643 relicti
251 2589 318 2664 agri:
348 2592 376 2646 &
395 2586 500 2645 subsidia
521 2604 691 2649 armatorum,
709 2587 741 2643 ad
757 2604 847 2643 meen-

110 2666 153 2721 das
168 2668 343 2742 populationes
358 2668 439 2731 milla.
448 2670 541 2745 saepius
553 2666 671 2725 simulato
683 2664 767 2745 quim
782 2686 846 2725 vero

109 2765 204 2824 pavore
216 2747 374 2825 refugerunt.
396 2755 508 2829 Jamque
523 2749 590 2806 Fabii
602 2747 666 2807 adesi
679 2748 847 2827 contempse-

109 2842 167 2887 rant
179 2826 290 2892 hostem,
305 2846 333 2887 ut
347 2830 390 2886 sua
402 2833 499 2891 invidia
511 2851 582 2889 arma
597 2850 680 2908 neque
691 2832 846 2909 loconeque

108 2925 228 2987 tempore
248 2909 301 2968 ullo
328 2911 458 2971 crederent
480 2914 594 2973 sustineri
613 2912 694 2989 porse.
711 2912 769 2973 baec
786 2916 846 2991 spes

106 2995 234 3070 provexit,
246 3006 276 3052 ut
289 2991 467 3071 adconspeeta
479 2993 571 3077 procul
584 2992 734 3057 {Cremna
742 3014 846 3075 magno

753 3094 844 3155 campa
