1792 3284
87 115 95 125 ’
282 114 583 187 LIBERIX.
738 140 794 187 ιιι

62 210 142 296 diisi'e
158 247 217 291 teor
236 226 267 289 ui
282 248 366 288 unum
382 229 487 289 bellum.
506 234 535 291 δι
549 230 655 289 forsitan
666 251 748 309 quum
771 238 800 293 da

64 314 207 375 foederibtu
223 314 327 373 vetustis
343 313 436 388 juncta
450 314 547 371 Punica
566 332 605 370 res
622 317 747 373 Romanae
762 312 801 372 es·

67 395 116 465 set,
133 401 161 457 u
171 396 252 455 timor
264 414 310 473 par
324 395 439 454 adversus
453 414 628 453 communem
640 394 741 455 hostem
753 398 801 453 du-

69 498 97 538 aa
153 478 295 537 tutissimas
316 479 394 536 armis
414 477 521 556 virisque
540 479 614 537 urbes
630 494 750 544 armaret,
769 480 801 535 stss

65 578 113 619 mu
135 561 237 619 Punico
248 563 424 638 Romanoque
436 561 544 619 obrutus
556 559 622 619 bello
636 558 705 617 cisat.
736 562 803 619 Non

62 642 170 722 quidem
186 641 330 699 Alexandro
345 643 420 707 duce,
437 661 486 700 nec
501 644 606 721 integris
626 642 803 701 Macedonum

64 722 148 791 tebius,
172 721 215 781 sed
233 722 331 800 experti
351 738 442 782 tamen
462 723 521 780 sunt
544 726 660 781 Romani
680 727 803 783 Macedo·-

62 824 127 865 nem
146 804 250 863 hostem
270 805 387 864 adversus
408 802 581 871 Antiochum,
598 804 755 882 Philippum,
773 812 803 866 δι

63 888 164 954 Persen,
184 905 242 945 non
253 883 338 944 modd
351 906 414 946 cum
428 884 567 950 elidenda,
584 886 625 943 sed
637 904 671 943 ne
683 906 745 945 cum
759 907 805 964 pe-

62 969 148 1031 niculo
161 968 272 1046 quidem
290 966 345 1025 suo.
385 967 457 1027 Absit
472 968 567 1026 invidia
585 986 655 1034 vero,
677 968 805 1029 &civilia

62 1050 130 1113 belia
149 1050 248 1109 filant.
264 1067 399 1127 nunquam
417 1050 449 1107 ab
465 1050 550 1128 equite
570 1049 652 1117 hoste,
669 1069 804 1131 nunquam

62 1130 79 1193 i
98 1132 199 1213 pedite,
219 1149 354 1209 nunquam
373 1146 459 1211 aperta
478 1134 540 1197 acie,
562 1152 697 1211 nunquam
717 1136 805 1212 aequia,

62 1218 159 1292 utique
178 1230 315 1289 nunqtum
332 1212 690 1284 nostrisiocisiaboravimua.
727 1218 806 1291 Equi·

61 1312 137 1360 tem,
156 1290 269 1371 sagittas,
287 1290 360 1349 uitus
379 1292 528 1369 impeditos,
547 1295 604 1350 avia
619 1296 810 1353 commeatibus

61 1378 137 1441 loca,
157 1374 243 1452 gravis
250 1374 329 1433 armis
341 1373 415 1432 miles
428 1374 520 1432 timete
530 1375 624 1450 potest.
662 1374 732 1433 Mille
743 1378 809 1435 aeica

16 1512 20 1517 .
64 1458 202 1541 graviores
220 1452 301 1533 quim
316 1457 491 1517 Macedonum
502 1472 578 1534 atque
593 1454 726 1515 Alexandri
737 1476 809 1515 aver-

65 1543 111 1607 tit,
133 1552 293 1614 avertetque;
311 1536 393 1597 modd
406 1539 437 1596 s1t
453 1554 589 1615 perpetuus
601 1538 689 1614 hujus,
704 1541 809 1618 quavi·

68 1625 169 1685 vimus,
187 1620 257 1697 pacit
269 1638 353 1686 amon,
372 1625 402 1681 δι
412 1620 493 1679 ciniis
504 1640 565 1679 cura
577 1622 730 1681 concordiae.

112 1706 180 1763 XX.
204 1706 245 1761 M.
258 1702 356 1761 Fossius
371 1700 529 1759 Flaccinator
542 1704 601 1761 inde
616 1708 645 1763 δι

71 1782 233 1849 L..Phutius
252 1788 348 1841 Venno
362 1778 478 1840 consules
495 1781 568 1839 fasti.
607 1788 648 1841 Eo
682 1760 808 1809 *dmm*

72 1882 144 1927 nuno
155 1864 189 1923 ab
202 1862 380 1940 frequentibus
392 1862 550 1920 Samnitium
564 1880 648 1941 popu·
682 1834 809 1959 „22¹st

70 1946 103 2007 lu
118 1946 151 2004 de
163 1945 262 2003 foedere
274 1945 421 2005 renovando
432 1943 507 2022 legati
520 1963 603 2021 quum
612 1942 649 2003 se-

69 2040 165 2087 natum
179 2026 256 2085 humi
277 2029 345 2086 strati
361 2025 507 2090 movissent,
526 2027 616 2103 rejeffl
633 2027 663 2086 ad
682 2026 810 2107 populum

76 2108 276 2185 haudquaquam
290 2124 345 2167 tam
359 2108 475 2167 effimces
490 2106 615 2168 habebant
626 2130 721 2187 preces.
760 2116 810 2171 Ita·

75 2208 129 2269 que
145 2190 179 2249 de
197 2190 295 2247 foedere
311 2206 457 2270 negatum:
475 2191 584 2251 induciae
603 2193 708 2257 biennii,
727 2212 811 2271 quum

75 2290 123 2351 pu·
136 2270 234 2349 aliquot
246 2272 299 2331 dies
312 2272 454 2352 fatigdffent
468 2273 581 2353 singulos
596 2274 812 2353 precibus,impc·

75 2368 158 2414 tmtae.
197 2357 229 2411 Et
244 2372 277 2412 ex
293 2355 383 2431 Apulia
397 2355 558 2412 Theanenses
575 2356 747 2429 Canusinique
766 2374 814 2429 po-

76 2433 250 2515 ptdationibus
267 2434 333 2497 felii,
351 2434 479 2491 obsidibus
499 2439 530 2491 L.
545 2432 645 2491 Plautio
657 2434 755 2513 eonsuli
768 2436 814 2493 da·

78 2519 122 2581 tis,
140 2517 169 2573 in
179 2514 339 2573 deditionem
350 2528 484 2573 venerunt.
510 2512 611 2573 Eodem
622 2534 692 2573 anno
699 2518 814 2593 primum

72 2596 198 2673 praefedii
214 2598 312 2673 Capuae
325 2598 402 2654 creari
416 2596 506 2672 coepti,
526 2594 626 2675 legibus
640 2596 673 2655 ab
691 2604 720 2656 12.
740 2601 815 2659 Furio

59 2692 189 2746 praetore
206 2680 291 2736 datis:
311 2696 395 2753 quum
412 2692 554 2756 utrumque
571 2678 617 2756 ipsi
638 2697 687 2755 pto
702 2684 816 2741 remedio

50 2762 157 2839 aegris
176 2758 254 2819 rebus
272 2757 396 2819 discordia
412 2758 528 2817 intestina
544 2762 668 2837 petiffent.
707 2767 741 2825 Et
759 2766 817 2820 duaa

48 2828 186 2903 Roma
200 2840 388 2910 auianum,
407 2840 705 2988 ufelqtimacauenna.
741 2842 818 2933 nnt-
