1792 3284
79 166 139 224 226
307 153 576 222 T.LIVll

75 271 147 327 deus.
172 264 254 341 pretio
280 279 311 318 ac
330 260 376 337 spe
397 260 511 339 pellicere
530 261 644 323 adortus,
673 259 813 337 postquam

76 350 166 410 omnia
178 346 277 422 pudore
294 341 363 418 septa
383 344 605 405 animaduerterat.
632 342 665 398 ad
687 341 815 400 crudelem

76 420 260 504 tbparbamque
274 426 332 481 vim
344 426 464 483 animum
479 425 613 482 conuertit.
655 428 699 482 M.
710 423 815 481 Claudio

77 512 162 569 clienti
177 508 316 586 negotium
334 508 413 572 dedit',
430 522 461 565 ut
474 508 601 584 virginem
617 506 646 563 in
666 504 815 565 seruum

77 594 215 651 afferrret:
246 596 329 666 neque
341 590 441 646 codem
453 586 592 646 &unium
607 586 753 647 libertatem
772 604 816 665 po·

78 673 229 732 stulantibus
252 672 389 729 vindicias:
417 669 487 747 qubd
507 686 579 746 pater
603 668 696 747 puellae
719 668 815 735 abdier,

79 759 172 817 locum
188 753 348 829 injuriaeffe
359 766 438 810 ratus.
475 751 579 829 Virgini
596 752 714 811 venienti
733 754 761 809 in
777 750 815 807 fo-

82 858 143 896 rum
166 838 220 913 (ibi
232 853 347 910 namque
360 835 387 890 in
402 834 512 891 tabernis
524 833 655 891 literarum
668 834 724 893 ludi
740 835 815 905 aaut)

83 921 198 979 minister
215 916 355 975 decemviri
369 915 477 973 libidinis
498 933 612 973 manum
627 916 738 992 injecit3
753 917 815 974 &aa

81 1003 126 1059 sua
142 1015 230 1059 natam
248 997 410 1075 (servamque
422 995 566 1074 appellans).
577 998 644 1059 effe..
656 997 778 1077 sequique
793 995 815 1053 se

83 1084 199 1163 jubebat,
234 1084 402 1140 cundbnrem
424 1079 450 1136 vi
482 1079 683 1141 abstractum.
731 1079 816 1139 Pavidi

83 1166 166 1241 puella
178 1167 303 1241 stupente,
322 1164 354 1222 ad
368 1162 511 1221 clamorem
527 1164 646 1229 nutricis,
662 1163 743 1222 fidem
756 1161 816 1239 Qti·

84 1250 175 1305 ritium
191 1245 363 1323 implorantis,
384 1246 416 1304 fit
431 1244 578 1306 conclusus.
615 1247 731 1325 Virginii
748 1242 817 1323 patris

86 1332 225 1407 sponsique
241 1330 305 1389 Icilii
315 1327 438 1408 populare
452 1346 550 1386 nomen
563 1325 724 1387 celebratur:
745 1339 817 1385 nuos

87 1415 169 1489 gratia
181 1432 283 1476 eorum,
301 1411 405 1469 nubam
418 1411 556 1488 indignitas
573 1411 612 1468 rei
624 1410 719 1490 virgini
736 1409 817 1469 couci.-

89 1495 141 1550 lat.
181 1497 242 1570 Jam
258 1491 274 1551 a
294 1493 320 1549 vi
334 1506 390 1549 tuta
406 1506 467 1555 erat,
487 1511 573 1569 quum
588 1492 706 1553 affertor·
716 1490 776 1551 nitd
789 1506 816 1545 ο·

88 1595 137 1651 pus
150 1574 200 1632 else
214 1574 378 1633 multitudine
390 1575 521 1633 concitata
529 1574 586 1633 ait.-
605 1575 631 1633 se
643 1576 704 1650 jure
716 1570 816 1655 graffitl

90 1678 146 1715 non
160 1659 195 1716 vi.
215 1664 299 1717 Vocat
317 1654 429 1734 puellam
443 1657 470 1713 in
485 1658 549 1732 jus;
571 1658 721 1717 rudioribus
734 1656 782 1733 qui¹
792 1671 814 1709 ι·

90 1743 187 1804 derant,
209 1752 239 1797 ut
251 1741 402 1817 sequeretur.
443 1741 481 1797 Ad
501 1738 612 1799 tribunal
625 1742 702 1817 Appii
717 1753 815 1816 ΡΜ*

90 1838 151 1879 tum
165 1825 211 1879 est.
230 1836 322 1878 notam
336 1822 417 1896 judici
436 1819 552 1880 fabulam
567 1824 673 1900 petitor,
692 1824 783 1899 quippe
794 1837 816 1875 a·

89 1905 143 1975 pud
158 1902 243 1978 ipsum
256 1904 390 1960 audiorem
404 1907 561 1980 argumenti,
577 1908 678 1984 peragit
694 1925 701 1961 :
718 1900 819 1981 puellm

91 1985 167 2040 dorni
181 1982 232 2039 suae
243 1996 342 2049 natam,
364 1984 487 2060 furtoque
499 1989 559 2043 inde
570 1989 598 2044 in
611 1991 726 2046 domum
742 1982 817 2061 virgi

92 2066 129 2121 nii
149 2066 307 2132 transsatam,
335 2067 492 2145 suppositam
514 2069 586 2128 essee:
627 2072 652 2127 id
682 2067 708 2127 se
733 2064 817 2125 indicio

93 2163 262 2224 compertum
278 2147 385 2216 afferma
403 2148 628 2229 probaturumque
642 2152 684 2210 vel
704 2151 759 2227 ipso
768 2149 818 2207 Vir·

92 2232 167 2311 ginio
182 2232 276 2305 judice,
312 2234 442 2309 adquam
464 2236 551 2308 major
571 2253 631 2310 pars
649 2235 754 2310 injuria
771 2231 818 2306 ejus

94 2315 240 2390 pertineat:
273 2314 378 2373 interim
398 2316 541 2373 dominum
562 2316 634 2393 stqui
657 2316 775 2375 ancillam
790 2330 818 2368 aa

94 2418 179 2472 quum
199 2397 257 2456 elle.
299 2398 422 2456 Advocati
444 2397 541 2472 ptiellae,
568 2417 656 2474 quum
682 2396 819 2477 virginium

93 2482 157 2553 reip.
171 2481 255 2538 ranila
273 2481 391 2539 dixiffent
407 2479 506 2545 abelle5
536 2480 615 2537 biduo
628 2481 782 2540 affuturum,
804 2472 820 2530 fi

93 2562 247 2617 nunciatum
260 2566 283 2618 ei
300 2565 351 2626 s1t;
371 2564 495 2638 'miquum'
504 2563 562 2625 effe,
580 2562 715 2621 absentem
728 2566 760 2621 de
772 2559 821 2617 libr·

93 2643 129 2698 ris
147 2643 289 2704 dimicare3
315 2644 452 2720 postulant,
477 2660 506 2702 ut
523 2664 581 2703 rem
596 2646 729 2721 integram
748 2646 774 2701 in
787 2660 822 2719 pr·

95 2724 140 2779 tris
156 2722 297 2780 adventum
312 2726 430 2783 differat:
458 2726 514 2805 lege
528 2727 562 2785 ab
576 2729 633 2804 ipso
649 2730 701 2787 lara
715 2726 824 2785 vindicias

97 2808 140 2863 der
158 2805 299 2863 seruiidum
315 2805 474 2871 libertatem
505 2828 556 2867 neu
574 2813 689 2887 patiatur
707 2810 824 2889 v'nginem

97 2887 210 2948 adultam
228 2886 307 2948 faura
323 2886 401 2967 prilla,
430 2886 512 2968 quim
524 2890 665 2962 libertatir,¹
691 2890 823 2971 patulum

84 2973 165 3034 adae.
678 2978 766 3039 XLV.
782 2976 824 3049 Ap
