1792 3284
213 106 468 176 ιιιιιιι
512 107 556 175 x.
705 125 773 192 293⁸.

162 220 231 278 natis
245 208 394 296 profediuss
407 235 480 277 tanto
497 216 627 277 intervallo
641 219 672 275 ab
686 219 766 277 hosti·

143 303 218 366 sedit,
238 320 266 358 ut
288 316 335 358 nec
355 303 475 375 adventus
497 301 556 358 suus
577 302 770 378 propinquitate

126 384 196 441 nosci
210 384 299 459 pollet,
314 390 341 442 δι
354 383 526 463 egredientem
539 382 555 442 ὲ
568 384 652 441 castris
665 383 772 439 hostem<

107 482 195 534 meret.
239 466 376 544 Aliquanto
390 480 447 525 ante
467 464 558 523 lucem.
576 466 616 523 ad'
629 467 708 523 castra
726 483 769 522 ac·

86 568 102 608 ‚t
115 573 133 606 ι.
144 548 285 626 gnarosque
301 547 374 608 Oscae
386 548 481 624 linguae
491 548 651 625 exploratum
660 549 726 625 'quid
742 565 769 601 a·

81 651 106 690 ιι
119 632 208 688 mittit.
248 631 387 688 intermisti
401 627 516 687 hostibus
528 631 614 706 (quod
629 630 701 687 facile
716 643 770 687 erat

80 716 206 771 noeturna
222 713 407 787 trepidatione)
424 710 585 787 cognoscunt
602 710 769 787 infrequentia

72 797 137 853 natis
153 795 225 869 figna
243 792 346 870 egressa,
363 793 480 868 praedam·
496 795 638 869 praedaeque
653 795 775 863 custodes,

65 880 111 940 ire,
129 873 241 951 ignobile
253 892 358 951 agmen,
375 878 402 932 δι
414 871 459 930 lira
468 892 599 952 quemque
608 872 769 939 molientem,

65 958 105 1015 illo
120 959 186 1013 inter
204 954 264 1013 alios
278 954 410 1023 conseniia,
426 972 480 1012 nec'
491 953 547 1013 fitis
568 970 639 1014 certo
653 954 775 1032 imperio.

65 1057 154 1117 empus
166 1036 326 1116 aggrediendi
338 1037 499 1116 aptiffimum
513 1039 596 1096 visum
611 1039 658 1094 est:
673 1043 700 1096 δι
712 1039 768 1113 jam

65 1141 77 1179 ι
92 1120 260 1196 appetebat
253 1136 339 1194 itaque
357 1120 429 1197 signa
448 1137 537 1176 canere
553 1120 640 1195 juffit3
662 1138 771 1196 agmen·

65 1223 84 1262 te
99 1202 217 1259 hostium
235 1200 389 1281 aggreditur
427 1200 555 1256 Samnites
568 1199 651 1277 praeda
663 1199 772 1275 impedi·

90 1282 266 1359 infrequentes
283 1284 383 1345 armati,
406 1299 466 1358 pars
485 1281 575 1339 addere
597 1278 716 1375 gradum,
741 1300 777 1340 ac

65 1364 126 1425 aese
146 1381 220 1444 agere
235 1364 369 1441 praedam,
389 1383 446 1441 pars
466 1364 549 1427 liare,
568 1362 658 1421 incerti
681 1359 772 1421 utrum

65 1446 164 1526 ogredi,
192 1463 228 1504 an
242 1446 366 1525 regredi
359 1462 387 1504 ιιι
406 1448 485 1504 mitra
503 1448 589 1503 tutius·
603 1443 679 1507 foret,
707 1447 775 1503 inter

65 1524 232 1588 metatorem
245 1530 439 1607 opprimuntur.
459 1534 486 1587 δι
501 1526 639 1586 Romani
631 1544 686 1601 Jam
704 1540 773 1585 tran·

65 1611 184 1669 enderant
199 1608 312 1667 vallum:
336 1609 464 1687 crudelique
482 1629 513 1668 ae
531 1608 659 1668 tumultus
679 1623 731 1667 erar
744 1610 773 1666 in

65 1694 132 1751 stris.
171 1692 328 1750 Samnitium
338 1710 443 1785 agmen,
456 1706 625 1784 praeterquam
637 1689 721 1747 hostili
733 1704 775 1747 tu·

65 1775 134 1839 ultu,
156 1774 319 1850 captivorum
330 1770 706 1849 eriamrepentinadefedlione
721 1784 777 1827 tur
857 1778 860 1783 '

65 1872 132 1916 itum
151 1869 228 1914 erat.
246 1857 291 1934 qui
309 1856 403 1932 partim
419 1854 465 1929 ipsr
484 1851 559 1911 soluti
575 1853 678 1910 rindios
695 1851 777 1909 solve·

65 1953 119 1996 tut:
141 1937 235 2015 partim
255 1957 327 1995 arma
346 1940 373 1995 in
393 1936 492 1994 sarcinis
513 1935 623 2014 deligata
639 1933 777 2012 rapiebant,

65 2018 236 2115 multumque
254 2019 348 2096 proelio
366 2018 423 2098 ipso
440 2016 623 2082 terribiliorem,
643 2019 777 2075 intermisti

65 2103 150 2183 gmini,
167 2101 319 2176 praebebant.
359 2100 563 2161 Memorandum
578 2099 668 2159 deinde
678 2088 780 2156 'edidere

65 2185 156 2245 cinus:
177 2202 237 2239 mm
252 2185 352 2259 Stajum
366 2184 511 2243 Minacium
523 2184 626 2248 ducem
640 2182 778 2241 adeuntem

65 2268 143 2324 :dines
163 2266 367 2358 hortantemque,
388 2265 532 2323 inuadunt:
548 2264 669 2338 diffipatis
682 2264 780 2319 indee-

65 2348 166 2409 uitibus,
185 2347 304 2423 quicum
318 2364 350 2402 eo
361 2345 471 2409 aderant,
483 2344 569 2418 ipsum
583 2344 784 2409 circumsistunt,

65 2429 248 2524 ridentemque
268 2446 336 2504 equo
355 2443 461 2505 captum
478 2427 508 2482 ad
528 2425 659 2484 consulem
679 2427 782 2485 Roma·

65 2532 112 2571 um
129 2512 239 2588 rapiunt.
279 2513 412 2566 Revocata
428 2529 461 2566 eo
477 2508 592 2566 tumultu
610 2509 695 2585 prima
711 2509 781 2589 signa

65 2594 226 2651 amnitium:
255 2590 456 2669 proeliumque
447 2609 503 2666 jam
525 2590 725 2669 profligatum
715 2606 782 2649 rnte·

65 2691 156 2735 ratum
169 2677 214 2739 est,
235 2693 284 2731 nee
299 2672 393 2730 diutius
406 2670 520 2731 sustineri
533 2675 628 2751 potuit.
668 2673 739 2730 Caesa
749 2667 783 2727 ad

65 2753 192 2816 exmillia
210 2755 364 2830 hominum:
383 2755 437 2813 duo
456 2752 534 2812 millia
548 2760 576 2814 δι
592 2754 727 2832 quingenti
742 2771 784 2808 ca-

65 2841 105 2898 ti:
128 2841 156 2898 in
169 2838 205 2896 eis
222 2838 316 2898 tribuni
329 2835 443 2900 militum
461 2852 582 2913 quatuor:
603 2839 676 2914 signa
692 2831 786 2892 milita

443 2920 473 2980 N
499 2939 516 2998 g
762 2914 809 2969 t'xa
