1792 3284
299 98 595 215 uinnnx.
757 156 816 237 269

78 257 127 319 sed
142 259 231 329 etiarn,
250 242 319 339 quid
334 281 439 320 memor
456 260 593 337 Papirianae
610 259 719 325 savina,
750 282 820 319 nun·

79 360 176 417 quam,
201 358 230 403 ut
247 344 378 404 didiatoris
392 344 487 421 injuffu
500 342 642 408 dimicaret,
664 343 754 401 adduci
773 364 821 423 po·

81 424 179 484 ruisset,

122 507 173 565 IV.
202 509 332 567 Nunciata
357 526 385 567 en
409 506 489 565 clades
516 508 643 581 Romam,
679 507 819 581 majorem,

78 582 163 663 quim
176 609 216 646 res
228 606 290 655 erar,
314 606 439 651 terrorem
454 590 557 648 excivit.
583 610 647 647 nam
662 606 692 647 ut
706 590 820 649 exercitu

79 666 173 737 deleto,
193 672 227 729 ita
236 673 366 747 justitium
381 674 523 734 indietum,
547 672 668 729 custodiae
684 674 710 728 in
728 674 819 749 portis,

76 750 175 831 vigilia
186 754 293 811 vicatim
307 756 421 812 exaelaez
443 770 525 816 arma,
544 752 592 810 tela
604 752 632 809 in
647 772 737 811 muros
753 774 818 813 eon-

77 835 162 910 gesta.
209 836 342 893 Omnibus
364 835 509 911 junioribus
530 830 688 891 [rnamenta
714 836 818 901 aduella,

77 914 194 974 distator
204 917 235 973 ad
249 918 392 973 exercitum
410 916 509 978 miffus,
535 916 625 971 omnia
642 915 683 991 spe
696 916 819 993 tranquil

74 992 153 1059 liora,
180 1002 207 1054 &
223 999 369 1075 compofita
383 998 496 1075 magistri
514 998 634 1073 equitum
650 1016 717 1061 cura,
739 1000 820 1057 castra

74 1076 253 1136 intutiorem
279 1080 368 1137 locum
381 1080 489 1143 rodana,
517 1078 645 1146 cohortes,
671 1099 730 1157 quae
746 1082 817 1159 fignn

75 1150 224 1225 amiserant,
241 1176 312 1219 extra
331 1160 428 1219 vallum
439 1160 493 1217 stne
510 1162 624 1219 tentoriis
635 1156 764 1220 destitutas
776 1163 817 1221 in·

75 1241 168 1298 venit:
204 1244 346 1299 exercitum
363 1241 467 1299 aridum
490 1258 595 1319 pugnae,
620 1261 675 1319 quo
693 1244 817 1304 maturius

74 1322 226 1401 ignominia
238 1322 386 1384 aboleretur.
425 1325 515 1400 ltaque
527 1323 664 1381 confestim
681 1326 760 1383 eastra
778 1328 818 1383 in·

76 1405 110 1461 de
132 1408 162 1461 in
182 1420 276 1484 agrum
295 1404 460 1465 Rustllanum
480 1408 625 1483 promovit.
665 1404 705 1466 Εὸ
719 1411 747 1468 &
767 1406 817 1466 ho·

75 1488 127 1545 stes
147 1486 235 1545 secuti.
266 1493 295 1547 δε
316 1506 465 1567 quanquam
489 1507 521 1544 ex
540 1488 606 1545 bene
618 1492 689 1569 gesta
706 1509 733 1547 re
745 1490 816 1548 surn-

77 1586 154 1626 mam
175 1574 203 1629 ἃ
222 1571 250 1625 in
271 1586 358 1647 aperto
378 1570 518 1629 certamine
533 1571 628 1629 virium
649 1572 719 1647 spem
738 1573 816 1631 habe-

75 1648 157 1716 bant,
183 1667 271 1709 tamen
284 1652 378 1710 insidiis
389 1670 503 1730 quoque,
521 1672 583 1730 quar
602 1653 707 1712 ieliciter
719 1658 815 1732 experri

77 1746 157 1811 nunt,
185 1732 289 1790 hostem
307 1748 417 1791 tentant.
455 1736 539 1792 Terea
557 1734 685 1800 semiruta,
704 1739 755 1795 vici
771 1758 815 1813 per

77 1814 248 1871 vastationem
270 1834 393 1893 agrorum
418 1816 507 1879 deum,
534 1814 600 1871 haud
624 1818 715 1893 procul
731 1821 817 1892 castris

77 1900 265 1954 Romanorum
282 1898 394 1955 aberant.
421 1897 456 1952 ibi
477 1896 574 1973 abditis¹
592 1900 704 1961 armaris,
737 1917 815 1975 pecu·

75 1978 262 2055 irreonspeelu
282 1981 390 2055 praesrdii
413 1979 539 2043 Romani,
568 1981 611 2037 cui
638 1997 741 2057 praeerat
763 1982 813 2039 Cn.

76 2058 181 2117 Fulvius
199 2062 303 2140 legatur,
330 2060 487 2139 propudium·
522 2062 652 2139 adquam
672 2062 813 2125 illecebram

75 2160 161 2219 quum
175 2160 386 2201 commoveretur
408 2162 490 2200 nemo
511 2144 544 2201 ab
559 2148 680 2203 Romana
698 2148 813 2208 statione.

75 2226 211 2300 pastorum
231 2246 306 2290 unus,
334 2227 477 2305 progressus
501 2226 547 2283 sub
568 2226 631 2304 ipsas
646 2230 813 2291 munitiones,

76 2304 200 2365 inclamat
212 2306 273 2364 alios
293 2310 442 2366 cunmnter
455 2307 487 2365 ab
501 2310 580 2365 ruinis
594 2310 645 2366 vici
662 2329 740 2385 pecus
752 2330 815 2385 pro·

75 2386 214 2465 pellentes:
241 2388 302 2467 quid
324 2389 452 2449 ceffirenn
473 2407 558 2463 quum
577 2408 621 2463 per
641 2391 725 2444 media
737 2392 814 2448 castra

76 2474 201 2528 Romana
217 2468 275 2531 tuti>
290 2489 364 2548 agere
379 2469 480 2545 pollent
495 2474 505 2526 ἒ
546 2474 608 2526 llaec
625 2488 707 2546 quum
729 2470 814 2550 legato

77 2554 184 2609 Caeriees
213 2554 319 2629 quidam
340 2554 571 2627 interpretarentur,
601 2554 629 2609 dt
654 2572 699 2630 per
720 2573 815 2613 onmes

75 2633 226 2711 manipulos
246 2635 362 2691 militum
383 2634 474 2710 ingens
501 2633 561 2693 eiiet
580 2634 730 2713 indignatio,
764 2657 812 2697 nec

75 2731 166 2775 tamen
183 2718 279 2790 injuffu
299 2734 405 2773 movere
422 2714 447 2771 se
464 2717 602 2775 auderent:
631 2716 705 2791 jubet
716 2721 813 2796 petitor

74 2798 170 2877 linguae
185 2798 312 2856 attendere
322 2799 452 2861 animum,
471 2800 602 2873 pastorum
623 2797 708 2858 sermo
720 2801 813 2877 agresti

76 2898 111 2941 aa
129 2878 229 2939 mirano
239 2881 344 2958 propior
358 2880 429 2939 effer.
471 2884 562 2959 Quum
573 2878 811 3021 refnrent,{onunr

218 3010 225 3019 .
395 2964 427 3021 M
448 2979 462 3041 3
716 2961 821 3041 'Qum
