1792 3284
178 124 182 131 ’
283 165 498 240 ornere
537 171 596 239 vr.
762 194 805 261 n

65 275 127 334 vius
136 272 265 353 Sulpicius
282 272 378 333 tribuni
389 274 504 333 militum
517 274 619 332 duxere.
639 268 731 333 clausas
744 294 809 351 por·

69 369 109 413 eae
131 354 243 422 Tusculi,
273 356 425 433 Latinosque
444 356 522 415 fimul
541 356 712 413 oblidentium
729 373 809 434 atque

72 436 225 497 obsell'orum
241 440 333 497 auimo
349 438 411 496 hinc
431 440 532 496 moenia
544 440 608 497 meri
622 437 718 502 vident,
738 438 808 498 illinc

70 536 150 579 arcena
170 538 332 601 oppugnare,
349 534 442 580 terrere
454 519 506 580 uui
518 540 549 581 ac
561 537 661 596 pavere.
704 520 808 579 Adven-

69 615 108 661 ωε
125 608 316 662 Romanorum
337 618 483 662 mutaverat
503 602 632 680 utriusque
653 604 731 680 partis
750 605 808 661 aoi-

67 700 142 753 mos3
157 685 321 746 Tusculanos
331 704 364 744 err
375 688 475 765 ingenti
484 702 556 745 meru
568 688 594 742 iu
606 685 739 743 summam
754 684 808 745 ala·

66 768 198 833 uiuum
215 772 370 829 intimem
389 788 471 847 prope
490 783 559 828 certa
572 767 665 825 fiducia
679 784 745 825 mox
762 788 807 827 ca·

64 850 165 927 pianda
183 854 258 916 areis,
278 851 406 929 quoniam
423 851 521 927 oppido
534 852 685 927 potirentur,
710 850 738 905 in
752 852 808 907 exi·

65 948 149 1011 gram
169 934 203 990 de
216 932 242 991 se
256 934 316 1009 ipsu
335 934 407 1009 spem
423 946 538 991 venerat.
577 928 731 991 Toliturex
749 948 810 989 aree

64 1012 167 1072 clamor
177 1014 211 1071 ab
227 1012 396 1075 Tusculanis.-
415 1013 542 1093 excipinrr
556 1013 687 1091 aliquanto
703 1014 808 1087 majore

63 1094 97 1154 ab
112 1098 229 1155 exercitu
245 1100 379 1157 Romano.
416 1098 559 1173 Utrimque
568 1111 692 1175 urgentur
706 1096 808 1155 Latini:

63 1196 115 1237 nec
130 1182 248 1254 impetus
262 1178 470 1235 Tusculanorum
488 1178 676 1233 deorrrentium
687 1194 720 1233 ex
733 1175 808 1251 supe·

62 1262 139 1318 riore
148 1259 213 1315 loco
225 1256 365 1315 sustinent:
377 1276 427 1315 nee
437 1262 576 1313 Romanos
588 1256 720 1313 subeuntes
736 1274 808 1313 mee·

63 1342 122 1405 nia,
143 1337 329 1416 molientesque
344 1336 431 1397 obices
444 1350 578 1415 portarum
597 1354 680 1393 arcere
697 1336 810 1413 possunt.

66 1420 149 1482 Scalis
158 1418 231 1499 priris
242 1420 433 1500 moerriaeapta:
447 1420 508 1478 inde
518 1416 622 1477 effraila
636 1416 740 1476 claustra
747 1436 813 1497 por·¹

66 1520 168 1568 tarum,
188 1508 218 1563 δε
229 1522 314 1580 quum
327 1521 420 1580 anceps
430 1502 510 1561 hostis
522 1506 551 1562 δι
563 1498 578 1559 l
590 1498 675 1559 fronte
688 1510 716 1559 δι
728 1498 744 1559 ai
755 1516 809 1560 ter·

67 1605 107 1666 go
119 1600 236 1665 urgerem
252 1585 342 1645 necad
351 1604 468 1665 pugnam
478 1584 589 1650 ullrvis,
606 1601 656 1643 nec
669 1582 700 1641 ad
714 1582 808 1663 fugam

68 1667 121 1728 loci
136 1670 278 1747 quicquam
290 1668 440 1747 supereffet5
461 1671 488 1726 in
503 1667 592 1726 medio
602 1666 659 1725 eaesr
672 1664 704 1723 ad
718 1685 808 1724 unum

68 1769 172 1810 omnen.
216 1756 380 1828 Recuperato
397 1751 429 1807 ab
446 1750 560 1808 hostibus
571 1746 694 1813 Tusculo,
711 1751 808 1827 exeneis

70 1846 113 1890 tue
127 1838 249 1892 Romam
262 1836 300 1890 est
310 1832 441 1892 reductus.

112 1920 242 1974 XXXIV.
261 1919 370 1991 Quanto
386 1916 472 1994 magis
485 1900 608 1993 prolperis
620 1930 654 1971 eo
666 1928 738 1970 auno
755 1908 809 1970 hel-

59 1991 98 2046 JJ‘t
118 1996 354 2075 tranquillaomnia
371 1996 434 2055 foris
453 1996 534 2059 'erann
552 2010 625 2055 tanto
639 1995 667 2053 in
686 1993 749 2053 urbe
767 1995 808 2053 vis

9 2154 17 2162 μ
30 2065 178 2139 ‘Quum
192 2078 273 2137 indies
284 2078 440 2156 miseriaeque
451 2078 531 2155 plebis
542 2076 699 2143 crescebanr3
718 2096 807 2155 quum

123 2162 189 2237 ipso,
209 2159 280 2239 quod
296 2160 392 2219 neceffe
411 2178 465 2219 erat
480 2160 552 2225 solvi,
572 2158 677 2218 facultas
692 2159 808 2217 solvendi

13 2212 245 2319 &puniretur
286 2246 376 2323 Itaque
395 2262 479 2321 quum
499 2246 556 2319 jann
573 2261 604 2300 ex
620 2261 648 2299 re
669 2240 733 2297 nihil
751 2242 808 2298 dari

9 2290 162 2388 bom,
182 2324 251 2382 rama
271 2330 299 2385 nc
315 2343 422 2401 empore
439 2324 545 2399 judicari
557 2322 741 2397 aequarum
753 2340 809 2378 cre-

9 2367 65 2445 ἢ
76 2405 388 2470 r'toribussarisfaeiebant,
399 2424 531 2482 poenaque
542 2406 569 2459 in
583 2406 670 2458 vicem
685 2400 743 2459 fidei
756 2402 809 2463 ees-

60 2491 145 2549 7²².
184 2488 255 2549 ndo
274 2506 339 2567 ergo
359 2486 487 2544 obnoxios
509 2482 686 2544 summiserant
704 2486 808 2545 animoa

39 2569 104 2615 2⁰¹1
141 2571 232 2629 infimi
250 2568 344 2633 solnm,
371 2568 410 2626 sed
428 2568 554 2646 principes
570 2568 651 2627 etiam
668 2567 755 2646 plebis,
776 2584 807 2632 ut

19 2642 98 2694 ‘⁰¹¹
128 2650 230 2711 modo
246 2653 277 2711 ad
293 2650 453 2710 tribunonrm
468 2651 584 2710 militum
602 2652 669 2709 inter
686 2650 809 2729 patricios

9 2714 221 2806 frendnm,
241 2734 313 2812 quod
330 2746 400 2791 tanta
421 2733 455 2798 vi,
474 2748 504 2791 ut
522 2734 618 2797 liceret,
636 2734 809 2796 tetenderanta

12 2782 49 2837 d
79 2812 131 2853 ⁰²
164 2816 201 2870 ad
226 2815 340 2894 plebejos
352 2814 458 2893 quidem
473 2817 636 2897 magistratu}
647 2814 809 2890 capellendos

9 2870 250 3039 'mgpqup
262 2896 309 2956 ulli
324 2900 380 2957 viro
393 2900 445 2983 arpi
456 2897 647 3044 upegmtique
657 2897 761 2958 animun
770 2889 810 3038 pi·

168 3016 186 3033 .
249 3022 253 3032 .
785 2992 835 3040 elif„
