1792 3284
143 58 157 87 q
545 64 555 73 ,

276 112 308 209 l*
331 115 343 179 l
365 114 391 179 B
413 112 492 179 ER
532 112 577 178 X.
735 132 794 199 313

55 219 136 278 cavit.
183 219 222 275 lta
242 216 274 275 ad
306 220 449 275 exercitum
472 215 605 293 profectus
627 216 660 275 ab
681 221 744 277 Sora
766 222 795 275 in

59 300 209 364 Samnium,
234 302 265 358 ad
287 304 365 358 castra
384 299 488 377 collegae
511 300 630 374 perrexit.
645 302 704 359 inde
724 303 796 377 post-

59 401 143 459 quam
163 385 300 447 Samnites,
324 381 400 439 diffisr
423 380 524 438 duobus
544 382 697 440 exercitibus
717 383 796 439 refisti

59 464 140 542 polle,
160 464 332 535 recesseruntr¹
342 464 434 521 diversi
447 462 561 522 consuler
573 464 604 522 ad
616 465 749 523 vastandos
769 482 797 521 a·

61 566 123 627 gros
135 546 258 624 urbesque
271 548 454 625 oppugnandae
466 544 609 606 discedunt.

101 631 233 689 XXXIV.
258 630 404 688 Postumius
427 626 572 686 Milioniam
594 646 746 708 oppugnare
768 648 797 688 a·

60 712 160 776 dortus,
181 712 208 768 vi
219 710 392 790 primbatque
404 711 515 785 impetu,
532 711 631 774 deinde,
656 713 797 789 postquam

58 813 89 852 aa
104 811 197 870 parum
211 794 392 870 procedebant,
410 809 489 869 opere
501 810 532 850 ac
548 792 746 850 rineisdemum
755 794 797 852 in-

58 876 158 952 junctis
171 876 336 949 murocepit.
376 871 425 937 lbi,
443 886 517 949 capra
530 880 588 949 jam
599 873 670 939 urbe,
691 874 723 933 ab
733 874 797 933 hora

57 970 152 1037 quarta
164 957 216 1014 diei
229 957 260 1014 ad
278 956 400 1013 ortanam
416 953 468 1013 fere
481 954 574 1015 horam
586 955 709 1015 omnibus
721 959 799 1035 parti·

58 1038 110 1099 bus
123 1037 192 1096 urbis
203 1038 247 1098 diu
257 1039 356 1097 incerto
369 1052 463 1095 eventu
476 1054 623 1119 pugnatum
637 1040 683 1099 est.
700 1042 799 1117 postre-

59 1120 110 1181 mo
129 1121 230 1199 potitur
247 1120 346 1199 oppido
364 1124 512 1179 Romanus.
557 1124 717 1181 samnitium
736 1124 795 1183 cest

60 1206 108 1265 tria
129 1202 211 1261 millia
228 1204 348 1261 ducenti:
374 1204 443 1276 capti
459 1216 570 1277 quatuor
593 1204 674 1261 millia
686 1206 802 1269 ducenti.

60 1298 151 1364 prater
164 1285 277 1362 praedam
289 1283 374 1341 aliam.
414 1282 478 1341 Inde
491 1285 656 1341 Ferentinum
667 1284 754 1343 nuerae
763 1286 799 1344 le-

60 1372 167 1449 giones:
194 1369 265 1425 unde
274 1364 402 1443 ,oppidani
421 1382 485 1423 cuna
502 1365 626 1425 omnibus
646 1366 721 1424 rebus
741 1367 800 1432 suis,

59 1470 120 1529 qure
130 1449 191 1507 feni
198 1452 292 1528 agique
304 1460 452 1527 putuerunt,
473 1449 553 1506 noete
564 1468 608 1526 per
619 1448 732 1507 averlim
738 1470 800 1528 pur-

62 1548 119 1593 ram
144 1530 245 1590 silentio
270 1531 434 1590 excesserunt.
483 1531 565 1609 Igitur
594 1530 671 1589 simul
696 1534 799 1590 aduenit

62 1612 161 1678 consul,
182 1611 268 1691 primd
282 1615 318 1671 ira
330 1612 689 1692 eompusrturinstrudtuffiue
700 1617 800 1672 moeni·

60 1696 110 1757 bue
123 1693 251 1759 succeffit,
266 1708 392 1771 tanquam
406 1695 486 1760 idem,
504 1697 576 1773 quod
599 1697 630 1754 ad
651 1696 800 1756 Milioniam

59 1780 153 1845 fuerat,
180 1777 327 1836 certaminis
346 1777 426 1833 ἔσται
455 1776 545 1835 deinde
567 1777 735 1835 ursulentium
753 1797 800 1836 ra-

17 1930 21 1939 ,
62 1864 135 1920 stum
153 1862 181 1919 in
200 1859 270 1923 urbe,
289 1877 338 1917 nec
350 1876 423 1916 arma
440 1875 489 1914 nec
508 1860 577 1915 viros
594 1860 622 1915 in
640 1858 750 1917 turribus
769 1878 802 1921 ac

62 1944 148 2002 muris
159 1942 231 2007 vidit,
246 1942 351 1999 aridum
366 1939 501 1997 invadendi
517 1938 611 2000 deserta
627 1943 727 1999 moenia
748 1943 802 1999 mi—

61 2026 139 2085 litem
149 2025 256 2089 detinet,
273 2042 306 2080 ne
326 2042 405 2102 quam
424 2020 557 2081 occultam
577 2024 604 2080 in
623 2022 738 2083 fraudem
760 2026 802 2083 in·

63 2123 157 2167 cautus
169 2122 263 2165 rueret:
288 2107 350 2164 duas
356 2120 457 2164 turmas
467 2103 598 2164 sociorum
612 2108 697 2165 Latini
709 2110 800 2165 nomi-

62 2193 105 2250 nis
119 2189 331 2266 circumequitare
345 2188 446 2246 moenia
467 2203 544 2266 arque
560 2188 690 2267 explorare
707 2192 801 2257 ¹omnia

62 2272 149 2349 jubet.
165 2273 264 2350 equites
276 2285 380 2347 portam
391 2289 473 2329 unam
484 2270 640 2348 alteramque
651 2272 742 2330 eadem
759 2293 801 2332 re·

63 2356 147 2433 gione
169 2355 198 2411 in
213 2355 360 2431 propinquo
380 2365 495 2427 patentes
518 2353 688 2427 conspiciunt,
704 2355 802 2411 itineri·

64 2435 163 2515 busque
174 2437 206 2493 iis
221 2434 326 2513 vestigia
337 2434 472 2491 noeturnae
481 2432 598 2491 bostium
615 2430 695 2511 fugae.
733 2436 800 2494 Ade-
866 2474 880 2491 c

64 2520 169 2597 quitant
188 2518 280 2576 deinde
300 2514 393 2573 sensim
414 2516 511 2591 portis:
534 2514 676 2592 urbemque
694 2535 727 2574 ex
741 2531 803 2576 tuto

65 2603 145 2661 rectis
156 2600 288 2658 itineribus
301 2599 414 2676 perviam
429 2595 606 2676 conspiciunt:
624 2600 656 2656 ad
669 2599 803 2660 consulem

65 2683 182 2743 referunt
190 2683 319 2740 exceffum
332 2679 408 2738 urbe:
424 2677 557 2739 solitudine
572 2678 641 2739 baud
656 2681 733 2741 dubia
745 2703 803 2762 per·

66 2766 189 2842 spicuam
201 2764 258 2827 effe,
278 2768 307 2825 br
322 2761 466 2821 recentibus
476 2763 586 2843 vestigiis
598 2763 677 2842 fugae,
695 2785 726 2825 ac
743 2770 804 2833 stra·

68 2848 246 2988 geremmlp
262 2845 427 2927 trepidatione
444 2845 803 2928 noeumpaffimreriaen·

110 2934 190 2990 vor.
211 2931 224 2989 1
243 2973 249 2989 .
467 2932 495 2988 0
733 2944 808 2988 tum.
