1792 3284
285 108 318 178 L·
336 112 352 179 Ι
369 114 397 181 Β
417 112 444 182 E
464 117 497 186 R
513 120 516 125 ’
535 114 596 183 ΙΧ.
761 128 820 196 249

82 217 272 299 ututur-uque
286 238 380 280 unum
398 222 524 303 legatum,
556 227 585 282 oc
610 222 697 301 (quod
721 222 822 300 insigne

85 300 204 363 maxim&
222 302 410 379 fuit)consu1is
430 307 507 382 ipsius
525 304 627 364 vulnus.
664 304 709 365 Ob
724 304 778 363 haec
794 321 823 358 c·

87 388 151 446 tiam
163 385 238 445 auda
250 385 321 445 fama
334 388 381 459 (ut
394 387 474 463 solet)
487 390 577 468 ingens
592 403 673 448 terror
686 390 769 445 Patres
782 387 823 443 in·

85 469 165 527 rafica
183 468 388 548 didiamremque
398 470 449 529 dici
459 471 584 548 placebat:
606 488 664 535 nec,
676 470 741 547 quin
753 470 822 525 Cur·

83 549 125 609 ibr
137 551 253 628 Papirius
263 551 398 619 diceretur,
417 555 445 611 in
459 572 513 632 quo
526 568 587 613 tum
601 552 709 612 flamma
721 553 757 609 rei
771 547 823 607 bel-

83 629 138 692 licae
150 630 302 711 portebattu,
320 634 429 694 dubium
445 638 567 715 cuiquam
582 650 650 695 erat:
670 634 712 693 sed
729 651 779 691 nec
793 634 822 688 in

84 716 222 774 Samnium
237 718 369 810 ¹nuncium
384 718 490 794 perferri
506 717 630 775 omuibus
648 717 746 775 infestis
763 711 823 773 tuto

82 797 622 958 u

80 980 143 1041 quar
159 979 195 1017 ue
210 962 247 1017 ira
265 959 373 1019 obstaret
387 960 459 1019 bono
472 963 584 1041 publico,
601 942 699 1041 ffigatos
713 978 745 1019 ex
758 979 828 1041 con·¹

79 1044 207 1103 sularium
227 1061 339 1101 numero
356 1044 496 1103 mittendos
511 1046 544 1105 ad
561 1064 622 1105 orm
639 1044 741 1103 senatus
761 1062 822 1102 cen·

80 1126 147 1185 iirit:
167 1125 214 1215 qui
225 1124 269 1182 iua
282 1145 388 1204 quoquc
397 1146 469 1193 eum,
484 1146 539 1186 non
553 1127 654 1206 publica
666 1122 759 1193 subm,
775 1146 822 1185 au·

81 1210 205 1267 &oritate
220 1224 366 1272 mouerent,
383 1222 414 1267 ut
427 1211 584 1267 memoriam
603 1208 764 1265 simultatum
777 1226 822 1283 pa·

79 1293 141 1350 triac
153 1289 304 1347 remitteret.
345 1288 459 1347 Profeffl
470 1288 548 1369 legati
561 1288 593 1345 ad
607 1288 714 1346 Fabium
731 1288 823 1346 consu·

80 1374 137 1432 lem
158 1388 243 1449 quum
262 1369 508 1431 iemtuscousulmm
531 1370 693 1435 tradidissent,
719 1366 827 1445 adjecis-

80 1454 192 1531 sentque
202 1452 348 1511 orationem
361 1454 560 1512 convenientem
573 1453 706 1518 mandatis,
724 1449 823 1516 consul,

81 1536 199 1598 demiffia
209 1537 241 1594 iu
251 1548 343 1594 taram
357 1534 447 1602 oculis,
466 1536 559 1596 tacitus
573 1536 605 1594 ab
616 1536 728 1601 incertis,
747 1533 823 1612 quid-

83 1640 148 1679 nam
169 1618 230 1678 esset
246 1618 360 1683 adiurat,
384 1618 474 1699 legatia
494 1618 601 1679 receffit.
628 1618 707 1676 nodie
731 1615 822 1675 deiude

83 1704 185 1761 scientio
195 1705 243 1774 (ut
255 1720 316 1758 mos
329 1702 384 1774 est)
399 1706 431 1760 L.
442 1703 572 1779 Papirium
584 1702 737 1760 truaconem
748 1698 822 1762 dixit,

85 1789 128 1845 cui
142 1802 228 1863 quum
248 1782 284 1840 ob
297 1782 419 1841 animum
432 1780 533 1861 egregie
549 1785 654 1840 vidium
671 1781 748 1859 legati
764 1799 822 1858 gra·

83 1871 132 1928 tias
143 1878 259 1946 agerent,
279 1866 437 1923 obstinatum
452 1863 580 1922 silentium
589 1860 709 1926 obtinuit,
729 1880 760 1918 ac
771 1862 824 1917 fine

84 1947 205 2027 responso
223 1967 255 2006 ac
275 1948 408 2006 mentione
424 1944 487 2003 faui
504 1945 541 2004 sui
555 1946 651 2025 legatos
665 1944 779 2012 dimisit,¹
791 1955 824 2000 ut

84 2044 214 2111 appareret
224 2031 352 2109 insignem
367 2029 484 2087 dolorem
500 2030 597 2109 ingenti
609 2028 751 2105 comprimi
765 2026 822 2083 ani·

85 2134 145 2176 mo.
191 2113 306 2190 Papirius
322 2114 357 2171 C.
374 2112 485 2191 Junium
502 2110 645 2171 Bubulcum
666 2110 823 2195 magistrum

84 2199 205 2277 equitum
218 2196 296 2254 dixit:
315 2206 393 2272 atque
406 2196 438 2260 ei,
456 2194 540 2274 legem
556 2195 680 2253 curiatam
692 2191 724 2250 de
739 2192 823 2269 impe·

85 2283 126 2340 rio
138 2279 245 2342 ferenti,
258 2276 328 2351 triste
346 2296 427 2335 omen
441 2277 511 2334 diem
525 2276 628 2340 diffidit,
646 2272 716 2351 qudd
731 2273 823 2331 Faucia

87 2363 157 2423 cutia
167 2361 220 2419 tuit
229 2359 398 2438 principium,
415 2357 514 2415 duabus
523 2358 629 2435 infigaris
642 2354 760 2415 cladibus,
782 2370 824 2409 ca·

85 2463 138 2524 prae
158 2442 235 2508 urbia,
256 2446 285 2501 δι
299 2439 422 2496 Caudinae
440 2438 526 2514 pacis:
545 2436 616 2513 quod
632 2448 743 2512 utroque
755 2450 826 2491 anno

87 2526 205 2604 ejusdem
219 2524 296 2583 curiae
309 2520 392 2579 fuerat
404 2520 572 2596 principium.
610 2521 699 2576 Macer
709 2517 824 2575 Licinius

87 2610 161 2669 tertia
178 2608 259 2666 etiam
275 2603 352 2666 clade,
373 2622 431 2679 quae
444 2601 476 2659 ad
494 2600 646 2660 &emeram
663 2612 767 2677 accepta
779 2601 824 2668 est,

87 2688 288 2752 abominandam
302 2703 360 2742 tam
375 2685 474 2743 curiam
489 2681 560 2743 facit.
