1792 3284
193 126 351 198 ΗΒΕ
372 127 404 200 R
446 128 538 198 VIII.
669 136 733 216 185

54 240 84 303 ns
94 239 151 300 tuit
165 238 300 315 judicium.
343 240 383 299 M.
397 240 500 299 Flavius
514 238 631 299 tribunus
650 241 731 318 plebis

78 324 114 381 ad
132 319 264 399 populum,
291 337 322 383 ut
341 323 369 381 in
393 322 554 383 Tusculanos
572 323 731 383 animadver-

54 418 110 469 tur,
138 422 252 482 quorum
286 424 336 482 ope
356 422 388 463 ac
414 406 521 465 confilio
540 404 661 463 Veliterni
676 409 729 464 Pri·

54 484 156 563 ratesque
174 485 274 563 populo
295 490 379 546 Rom.
397 488 491 547 bellum
515 486 639 545 fecissent.
680 490 731 545 Po-

54 566 238 627 :Tustulanus
258 588 323 627 eum
345 570 502 649 conjugibus
519 587 551 628 ac
570 568 653 628 liberis
672 574 729 628 Ro·

54 651 163 710 evenit.
181 670 212 709 ea
225 651 367 711 multitudo
387 657 455 711 veste
473 665 582 716 mutata,
601 656 630 711 bt
646 650 728 730 specie

54 749 105 797 rm,
124 731 204 791 tribus
219 735 320 799 circuit,
340 735 447 813 genibus
461 732 487 791 se
506 736 626 791 omnium
641 736 729 794 adrol-

58 858 65 874 .
85 812 143 892 plus
161 814 248 894 itaque
270 815 442 874 misericordia
461 816 493 875 sd
514 834 602 891 poenae
623 819 724 875 veniam

54 898 190 962 mandam,
207 896 291 976 quim
304 896 387 957 cauffa
401 898 433 955 ad
446 898 546 956 crimen
556 899 729 975 pungendum.

55 983 78 1041 't-
118 978 216 1039 ‘nibus
234 996 339 1046 omnes,
364 995 454 1056 praeter
472 977 588 1043 Polliam,
612 981 729 1057 antiqui-

67 1060 166 1141 legem.
207 1060 298 1120 Polliae
307 1060 430 1120 sententia
442 1062 501 1127 finit,
519 1062 626 1139 puberes
641 1062 729 1121 verbe·

55 1146 176 1209 tnecaris
198 1144 325 1221 conjuges
337 1143 476 1221 iibemffiue
492 1144 539 1202 sub
558 1163 654 1201 corona
670 1145 728 1224 lege

67 1226 176 1282 veniret
207 1227 415 1299 memoriamque
433 1226 491 1297 ejus
516 1226 559 1280 irae
577 1224 730 1283 Tusculanis

55 1324 137 1362 soenae
160 1318 215 1361 tam
236 1305 329 1362 atrocis
349 1305 466 1362 auetores
490 1302 608 1359 mansnse
629 1305 660 1361 ad
685 1324 730 1381 pa-

55 1408 64 1445 r
95 1400 201 1445 aetatem
230 1388 342 1453 conibet
381 1403 429 1445 nec
458 1402 619 1463 quemquam
646 1384 733 1447 ferme

55 1467 113 1529 oilie
127 1467 196 1529 tribu
210 1468 374 1528 madidatum
388 1468 515 1545 Papiriam
533 1467 598 1526 ferre
612 1465 729 1531 solitum.
753 1505 756 1512 ·

55 1554 191 1611 :xxvrrr
212 1549 357 1629 tanquan
370 1569 448 1615 anno,
467 1555 504 1623 Q
516 1553 562 1609 ra·
598 1593 717 1642 M„

66 1638 98 1694 L.
113 1632 202 1691 Fulvio
213 1633 367 1700 consulibus,
386 1632 562 1693 A.Cornelius
636 1678 690 1717 320.
718 1625 726 1643 '

55 1735 86 1773 na
105 1716 226 1779 dinaton
253 1718 282 1775 δι
308 1720 348 1775 M.
359 1715 450 1773 Fabius
461 1716 562 1773 Ambu-
595 1740 726 1797 annm,

58 1800 180 1877 megister
193 1798 325 1875 equitum,
351 1812 424 1855 metu
438 1797 563 1875 gravioris

55 1881 139 1938 smnio
152 1879 217 1943 belli,
235 1880 378 1953 (condubia
389 1879 461 1937 enim
476 1879 560 1957 pretio
575 1870 591 1932 i
609 1874 728 1935 finitimis

55 1978 112 2021 ntus
130 1962 271 2037 dicebatur)
296 1963 434 2020 intentiore
453 1961 553 2020 delectu
577 1954 673 2021 habito,
698 1978 727 2017 e·

56 2046 111 2103 ium
138 2046 282 2104 exercitum
302 2044 419 2103 adsersus
441 2047 568 2103 Samnites
589 2041 727 2104 duxerunt.

55 2146 80 2183 ra
98 2128 127 2184 in
148 2126 250 2185 hostico
272 2125 399 2186 incuriose
416 2128 450 2185 ita
469 2130 564 2205 potita,
599 2141 725 2199 tanquam

55 2208 80 2266 ul
93 2208 188 2269 abesset
203 2209 299 2267 hostis:
318 2230 401 2290 quum
417 2210 501 2269 subitis
514 2213 638 2268 advenere
649 2212 725 2264 Sam·

57 2310 87 2349 m
114 2288 228 2371 legiones
248 2308 320 2350 tanta
342 2294 452 2357 ferocia,
477 2310 508 2350 ut
528 2292 623 2348 vallum
645 2288 724 2363 usque

56 2374 171 2431 ationem
183 2377 336 2431 Romanam
349 2368 479 2432 inferrent.
521 2376 587 2428 Nox
606 2370 662 2441 jam
679 2386 726 2443 ap·

56 2471 104 2513 rat:
126 2454 153 2512 id
168 2455 299 2533 prohibuit
312 2459 478 2513 munimenta
491 2451 595 2509 adoriri.
614 2466 662 2507 noc
675 2446 726 2507 dis·

56 2536 144 2595 labant
156 2553 214 2595 orta
226 2537 283 2594 luce
292 2538 396 2614 postero
408 2537 451 2593 die
471 2532 595 2593 faunos.
632 2532 725 2591 meta·

85 2618 131 2676 ubi
152 2622 302 2695 propiorem
323 2619 366 2695 spe
381 2617 576 2677 dimicationem
592 2614 663 2681 vidit,
691 2634 725 2675 ne

57 2720 107 2759 um
122 2702 212 2759 virtuti
223 2702 322 2759 damno
335 2701 406 2759 locus
418 2699 487 2766 effer,
511 2700 613 2780 ignibus
631 2696 725 2759 crebris

56 2785 90 2841 is.
109 2784 157 2860 qui
169 2782 337 2859 conspeiium
352 2782 467 2843 hostium
487 2782 671 2847 frustrarentur,
691 2783 724 2839 sr-

61 2858 195 2947 legiones
208 2866 305 2928 mucis:
333 2885 384 2928 nec
404 2881 496 2929 tamen
512 2862 603 2949 saliere,
619 2878 726 2941 Pr0pt⁶

669 2959 741 3025 Qm'.
