1792 3284
106 54 382 178 aIBER'X.
550 106 611 194 289

106 226 161 285 ibus
178 226 273 303 iniquis
291 222 436 287 commissa,
456 222 558 301 spesque
572 226 613 281 in·

90 358 94 365 .
114 309 216 367 hostem
236 307 398 367 faciebat&
417 308 473 382 jam
491 326 571 383 prope
587 324 615 363 e·

72 392 123 451 ,uti
132 390 244 454 milites,
268 409 316 448 nec
335 392 459 447 militibus
481 389 534 445 dux
555 386 613 445 satis

64 494 106 539 rae,
119 474 150 531 ad
167 472 292 551 collegam
304 473 477 530 arcessendum
492 490 525 528 ex
539 476 613 527 Sam·

64 575 73 613 r
87 555 299 614 trinis-annalbus
311 556 423 615 invenio.
442 556 513 633 piget
523 566 613 611 tamen

64 658 124 704 rere,
142 658 226 716 quum
240 658 270 695 ea
284 636 336 713 ipsa
351 639 417 694 inter
430 634 545 695 consules
560 652 612 710 po·

74 722 130 797 jam
143 722 240 779 iterum
258 720 350 777 eodem
364 720 461 777 honore
475 718 612 798 fungentes

64 806 126 867 terit,
147 805 268 879 Appio
243 800 368 858 abnuente
386 800 480 865 missas,
501 801 613 859 Volum-

64 902 86 945 :e
103 887 179 977 Appii
195 884 221 941 se
232 883 309 939 literis
320 882 444 941 accitum
480 882 544 977 Jarn
558 888 613 939 Vo-

64 967 171 1025 samnio
182 965 227 1023 tria
242 962 337 1023 castella
351 980 458 1043 ceperat,
478 966 506 1021 in
514 962 615 1041 quibus

65 1049 198 1109 ‚hostium
219 1046 302 1107 caesa
299 1064 379 1114 erant,
399 1042 538 1107 dimidium
561 1048 614 1105 fere

83 1136 111 1191 lle
131 1137 298 1192 Lucanorum
313 1128 488 1195 seditiones.
477 1122 613 1209 aplebejls

65 1213 171 1271 ducibus
183 1228 260 1279 ortas,
271 1210 375 1269 summa
385 1212 554 1289 optimatium
565 1230 613 1271 vo-

67 1300 102 1369 Q
121 1295 226 1352 Fabium
248 1293 432 1371 proconsulem
452 1293 559 1351 missum
583 1291 615 1350 eo
693 1340 700 1351 .

65 1378 160 1438 xercitu
177 1374 367 1453 compresserat.
403 1374 487 1435 Decio
498 1376 615 1455 depopu·

65 1481 101 1519 rm
120 1478 196 1540 agros
211 1458 342 1537 relinquit:
364 1458 490 1552 ipsecum
507 1457 558 1517 suis
571 1474 616 1517 co·

67 1564 111 1604 am
127 1545 158 1602 ad
173 1541 298 1620 collegam
318 1542 420 1620 pergit;
440 1558 522 1619 quern
539 1542 615 1601 adue·

65 1646 180 1683 omnes
198 1642 324 1701 accepere.
364 1625 480 1703 Appium
500 1644 533 1683 ex
551 1642 616 1683 con·

67 1711 128 1767 redo
140 1709 259 1767 mimum
277 1704 388 1763 habuisse
403 1706 468 1765 lraud
483 1702 616 1766 immerito

67 1791 101 1849 hil
115 1787 256 1867 scripserat,
279 1786 387 1844 illiberali
401 1789 454 1845 δι
446 1802 550 1866 ingrato
560 1788 614 1846 ani·

65 1889 95 1932 ar
108 1892 167 1949 ope,
184 1867 395 1927 dissimulantem.
429 1870 482 1927 Vix
492 1870 564 1927 enim
578 1868 616 1926 sa·

65 1956 166 2019 reddita,
182 1971 265 2031 quum
286 1951 392 2009 obviam
411 1951 521 2031 egressus
540 1950 615 2011 esl'et:

75 2039 166 2115 inquit,
180 2040 242 2093 Luci
254 2034 381 2092 Volumni?
398 2050 429 2091 ut
440 2036 491 2112 sese
502 2038 528 2092 in
541 2045 614 2093 sm

65 2134 111 2176 rr?
133 2121 202 2202 ¹Qua
222 2133 249 2174 te
268 2113 357 2192 cauffir,
375 2131 406 2173 ιιι
424 2120 550 2194 provincia
567 2134 615 2174 ιιιιι

65 2204 151 2261 suxit!
170 2199 326 2259 Volumnius
339 2200 367 2255 in
382 2202 488 2257 Samnio
502 2219 541 2258 res
554 2218 616 2278 pro·

65 2287 109 2343 it:
129 2284 204 2342 liteiis
220 2285 277 2358 ejus
296 2283 410 2341 accitum
427 2282 538 2340 venisse:
557 2300 617 2359 quae

65 2383 97 2432 ιι,
116 2384 165 2422 nec
177 2363 235 2421 usus
248 2363 286 2421 sui
300 2364 332 2419 sit
345 2364 372 2419 in
389 2364 494 2425 Etruria,
515 2377 617 2420 extem-
678 2382 681 2387 ⁴

65 2490 67 2501 i
82 2448 161 2526 signis
176 2446 315 2503 abiturum.
353 2450 392 2499 Τιι
403 2444 463 2501 verb
475 2444 556 2509 abeas,
576 2445 616 2503 in·

83 2549 109 2589 te
129 2531 260 2608 quisquam
277 2540 400 2583 moratur.
416 2529 505 2587 etenim
519 2524 642 2588 minimi

66 2636 73 2668 ι
88 2615 127 2690 est,
144 2630 225 2690 quum
238 2608 296 2667 bello
315 2622 360 2665 tuo
378 2606 485 2686 fotfitan
496 2614 548 2667 vix
560 2608 619 2691 suf

77 2698 111 2753 ad
128 2710 196 2771 opem
210 2691 343 2767 ferendam
356 2692 410 2747 alais
422 2685 595 2769 gloriari
537 2697 619 2771 vens

66 2778 173 2833 Hercules
192 2788 313 2837 verteret,
340 2771 424 2831 dicere
444 2773 610 2833 Volumnius

66 2878 83 2917 ι
96 2875 193 2938 optram
210 2852 371 2935 insumptam,
388 2854 471 2934 quam
485 2860 619 2947 quicquam

505 2952 508 2957 ’
553 2934 637 2990 inei·-
