1792 3284
187 96 190 103 '
270 116 609 193 urnnnxxr.
742 144 803 213 345

109 234 148 293 11.
168 230 215 294 Hie
235 235 325 292 anxius
339 236 407 293 curis
425 235 459 294 ita
476 235 502 293 se
519 237 607 294 Africo
629 232 703 301 bello,
727 234 799 314 quod

68 313 119 375 suit
130 313 177 374 sub
187 331 318 375 recentem
334 322 484 377 Romanam
497 336 599 396 pacem,
624 337 671 395 per
685 320 801 396 quinque

66 413 172 464 annos,
199 398 235 456 ita
255 399 346 458 deinde
364 418 462 459 norem
481 401 554 458 annis
570 402 598 458 in
616 399 736 479 Hispania
755 421 800 459 au·

65 481 274 557 gendol’unico
285 484 395 561 imperio
408 484 492 564 gessit,
512 498 543 542 ut
553 500 691 562 appareret,
714 484 802 558 majus

65 560 238 642 tunquam
258 565 329 643 quod
349 579 456 644 gereret,
483 568 577 645 agitare
594 568 622 623 in
636 568 728 625 animo
748 564 800 646 bel·

64 639 123 703 lum
139 667 147 704 ε
174 650 212 712 δι,
233 647 253 704 si
270 648 365 706 diutius
374 648 482 711 vixisset,
514 647 640 707 Amiloere
654 650 722 709 duce
737 651 799 708 Poe·

65 744 115 786 nor
127 746 201 786 arma
215 726 293 788 ltaliae
303 729 414 788 illaturos
426 729 509 794 iuilse,
527 748 586 806 quae
603 731 733 790 Annibalis
750 731 799 789 du·

65 808 276 869 &tinnierunt
316 815 389 869 Mors
409 809 543 868 Amiltarir
559 827 751 891 pffopportuua
769 818 798 873 δι

64 893 170 967 prieritia
186 890 317 949 Annibalis
334 890 482 950 distulerunt
495 890 600 952 bellum.
639 895 741 952 Medius
755 894 800 952 As·

65 972 152 1033 rlrubal
173 973 241 1030 inter
261 987 360 1048 patrem
382 977 410 1031 δι
433 973 516 1031 salium
530 976 596 1032 octo
617 975 701 1035 ferme
716 994 800 1034 annos

65 1052 208 1135 imperium
221 1053 341 1122 obtinuit,
350 1056 426 1115 -ilote
437 1057 519 1116 aetatis
545 1056 695 1133 (urserunt)
713 1056 800 1138 primo

64 1136 188 1197 Amilcari
205 1136 375 1197 conciliatus:
400 1157 478 1218 gener
494 1138 554 1196 inde
571 1139 607 1198 ob
624 1139 702 1200 altam
725 1142 800 1200 indo·

66 1214 114 1279 lem
134 1214 265 1298 provesin
282 1221 355 1277 annis
372 1219 488 1283 adscitus,
504 1224 545 1279 ·&
564 1223 625 1297 quia
641 1240 719 1299 gener
737 1236 800 1288 erat,

39 1310 42 1315 '
66 1298 187 1363 taionis
208 1302 318 1360 Barcinae
340 1300 441 1380 opibus,
467 1320 527 1379 quar
547 1302 615 1377 apud
633 1302 728 1361 milites
747 1302 801 1379 ple·

65 1378 180 1463 bnnque
200 1382 258 1461 plus
271 1380 352 1462 quim
371 1381 488 1449 modiove
496 1396 577 1459 entant,
600 1381 668 1441 haud
682 1382 740 1442 fine
753 1404 801 1443 vo·

64 1458 162 1526 lentate
174 1466 452 1545 principum,impetio
465 1460 572 1544 potitus.
614 1468 640 1524 ls'
654 1463 725 1542 plura
737 1486 801 1525 con·

63 1546 118 1609 filio
139 1546 222 1627 quim
243 1550 269 1606 vi
283 1568 381 1628 guent,
406 1548 520 1626 hospitiis
540 1546 690 1628 regulorum
708 1551 801 1627 magis,

62 1628 279 1707 conciliandisque
304 1650 350 1707 per
377 1633 518 1690 amicitiam
547 1631 694 1710 principum
726 1632 800 1697 novit

59 1713 195 1791 gentibus,
227 1710 307 1790 quim
325 1708 391 1769 bello
407 1726 450 1772 aut
467 1713 554 1780 armis,
580 1732 639 1773 rem
664 1715 800 1794 Carthagi·

58 1794 182 1855 niensnn
194 1796 274 1854 auxit.
312 1790 435 1851 Ceterum
450 1794 530 1851 nihilo
546 1796 569 1852 ei
581 1814 631 1872 pax
651 1799 729 1854 tutior
741 1797 801 1855 fuit.
832 1823 834 1829 ·

59 1873 186 1937 barbarus
205 1894 269 1934 curn
288 1875 393 1953 quidam
413 1875 505 1951 palam,
534 1876 570 1933 ob
586 1878 652 1934 irarn
671 1877 800 1935 interfesti

58 1960 94 2019 ab
113 1978 149 2019 eo
167 1959 278 2024 domini,
298 1959 477 2017 obtruncavit:
500 1957 747 2037 comprehensusque
769 1960 800 2017 ab

58 2040 290 2119 circumstantibus
305 2040 372 2099 haud
384 2039 442 2105 alio,
464 2038 543 2118 quim
557 2042 577 2097 fi
589 2042 708 2108 evasisset,
719 2042 803 2110 vultu,

44 2122 206 2184 tormentit
216 2141 321 2202 quoque
333 2141 418 2200 quum
431 2121 585 2189 laceraretur,
604 2142 637 2183 eo
651 2123 700 2183 fuit
712 2124 800 2183 habitu

42 2208 126 2273 πίε,
146 2222 187 2273 ut,
207 2205 339 2282 superante
360 2204 443 2266 laetitia
459 2206 567 2272 dolores,
591 2207 694 2263 ridentis
718 2208 810 2265 etiarn.

59 2290 178 2369 speciem
201 2288 346 2367 praebuerit.
398 2291 471 2345 Cum
492 2288 544 2347 hoc
570 2287 713 2352 Asdrubale,
741 2292 802 2364 quia

63 2373 142 2430 mirae
161 2372 222 2428 ercis
240 2371 268 2427 in
295 2369 455 2428 sollicitandis
479 2369 608 2446 gentibus,
640 2371 803 2446 imperioque

60 2453 207 2535 jungendis
227 2450 274 2509 suo
292 2452 382 2514 fuerat,
408 2448 495 2507 foedus
510 2462 673 2507 renovaverat
695 2451 804 2526 populus

47 2536 216 2599 Kssmanus,
244 2548 274 2592 ut
291 2533 349 2591 finis
370 2530 500 2608 utriusque
521 2532 623 2607 imperii
639 2533 699 2590 effer
717 2534 802 2589 amnis

28 2595 165 2683 JQuis,
180 2612 379 2695 Saguntinisque
391 2615 481 2681 mediis
495 2614 560 2672 inter
572 2615 680 2691 imperia
690 2617 803 2678 duorum

10 2690 226 2778 Quium
238 2696 345 2755 libertas·
352 2694 497 2755 sonantia.

111 2784 165 2841 ΙΙΙ.
190 2784 225 2837 In
241 2777 380 2837 Asdntbalia
401 2778 497 2837 locun
512 2777 580 2837 haud
598 2777 673 2836 dubia
688 2801 727 2838 res
746 2781 805 2842 fuit,

10 2840 131 2919 min
153 2863 349 2946 praerogativam
370 2860 518 3000 mplitarent,
544 2860 596 2941 qul
612 2861 742 2939 extemplo
763 2861 806 2951 jn·

436 2964 457 3015 5
732 2959 804 3020 rents
