1792 3284
210 120 477 221 'usust
509 146 567 219 vs.
738 174 773 221 21

42 261 129 343 spargi
143 260 224 319 aciem
237 259 357 321 hostium
378 263 583 323 animadversum
603 263 656 329 elis
676 276 736 324 tum
753 282 779 319 e·

45 348 147 421 quitum
163 359 262 402 turmae
281 345 385 410 emissae,
406 348 467 404 dato
484 348 569 425 signo,
587 366 629 409 ne,
645 348 672 403 in
693 346 781 425 lingu·

47 426 128 485 losum
142 428 275 483 morando
292 429 369 493 caede,
390 428 502 505 spatium
519 431 550 487 ad
567 430 727 485 evadendum
742 432 782 484 in·

53 510 121 567 tnim
141 506 306 568 multitudini
327 510 435 570 darent:
460 510 519 569 satis
540 512 590 568 effe
607 510 739 566 missilibus
752 528 782 565 ac

48 606 141 651 tutore
158 592 281 669 impediri
304 592 417 659 cussum,
439 594 665 671 obequitandoque
688 608 784 669 agmen

46 673 142 744 teneti,
157 672 226 731 dum
241 673 337 751 affequi
352 677 429 751 pedes
447 682 474 735 &
492 677 562 751 justa
577 675 647 734 caede
660 672 786 731 conficere

48 756 150 815 bostem
165 755 259 834 pollet.
275 759 353 835 Fuga
359 756 528 834 sequendique
539 776 594 815 non
605 772 665 813 ante
676 756 785 812 nollem

49 839 106 898 finis
117 838 189 897 finit:
219 850 296 915 capta
308 858 414 916 quoque
428 859 458 897 ac
474 840 573 918 direpta
584 838 678 896 eodem
692 838 734 893 die
745 854 788 894 ca·

45 923 98 981 uta
107 917 278 983 Volscomm‚
291 922 423 998 praeque
436 922 532 988 omnia,
550 918 722 997 praeterlibera
730 936 789 975 cot·

50 1021 124 1081 pota,
143 1000 223 1059 militi
240 1001 357 1060 concess'a
375 1006 420 1062 est.
462 1007 521 1060 Pars
536 1004 654 1061 maxima
674 1001 790 1076 captivo-
883 992 887 999 '

51 1104 114 1145 rum
128 1102 163 1142 ex
178 1084 276 1142 Latinis
289 1098 366 1162 atque
379 1087 497 1144 Hernicis
508 1085 567 1149 fuit,
588 1104 636 1143 nec
648 1084 791 1139 hominum

51 1168 84 1226 de
100 1163 192 1241 plebe,
219 1179 250 1221 ut
269 1167 338 1223 credi
355 1168 438 1242 poffet
453 1168 571 1225 mercede
591 1165 724 1227 militasse,
749 1162 792 1221 sed

52 1248 188 1327 principes
203 1245 309 1320 quidam
330 1247 472 1317 iuventutis
489 1248 594 1312 inventi,
615 1244 749 1303 manifesta
764 1244 795 1301 fi-

53 1333 113 1394 des,
130 1326 234 1406 publica
243 1344 295 1401 ope
306 1326 411 1385 Volscos
422 1328 507 1387 hostes
517 1330 629 1405 adjutos.
667 1326 798 1399 Circeien-

56 1413 128 1471 sium
144 1426 254 1487 quoque
269 1407 373 1485 quidam
385 1412 493 1491 cogniti,
512 1414 541 1471 δι
554 1408 641 1469 coloni
654 1405 669 1465 l
683 1405 797 1464 Velitris:

58 1498 237 1569 Romamque
251 1508 345 1549 omnes
360 1493 437 1557 miffi,
454 1468 679 1571 permanantibus
698 1492 800 1567 primo-

59 1574 131 1635 ribus
148 1579 264 1637 Patrum,
285 1574 383 1639 eadem,
404 1594 463 1652 quae
476 1576 604 1639 didam,
623 1572 800 1631 &tentonem

62 1654 100 1716 sui
112 1654 222 1733 quifique
232 1654 320 1732 populi
335 1656 402 1715 baud
414 1654 530 1736 perplexi
538 1657 692 1715 indicavere.

105 1742 181 1796 X1V.
202 1739 320 1793 Dictator
328 1739 469 1797 exercitum
481 1742 509 1795 in
523 1740 616 1797 stativis
624 1734 736 1799 tenebat,
749 1736 801 1791 mi-

67 1818 140 1879 nime
154 1818 247 1877 dubius
265 1816 359 1875 bellum
377 1838 440 1877 cum
460 1820 503 1877 his
518 1820 710 1897 populisPatres
723 1814 804 1889 jussu-

67 1922 123 1963 tos:
142 1920 228 1979 quum
244 1899 418 1973 majordomi
434 1912 522 1957 exorta
533 1896 616 1955 moles
628 1894 717 1973 eoe'git
729 1895 806 1951 acciri

69 1989 191 2045 Romam
203 2000 276 2044 eum,
295 1980 415 2058 gliscente
428 1982 507 2037 indies
523 1978 653 2044 seditione,
670 1994 751 2055 quam
766 1976 807 2035 so-

68 2064 117 2125 lito
134 2063 218 2143 magis
236 2063 404 2121 metuendam
422 2064 513 2121 suetos
526 2060 642 2121 faciebat.
662 2078 718 2118 nou
733 2060 807 2119 enim

71 2149 130 2224 jani
142 2148 270 2205 orationes
280 2140 364 2203 modo
376 2142 532 2211 Manlii-sed
545 2145 625 2209 faeta,
638 2142 770 2221 popularia
779 2144 809 2200 in

57 2228 196 2308 (peciem,
214 2226 372 2285 tumultuosa
381 2228 480 2291 eadem,
494 2247 546 2304 qua
556 2240 645 2284 mente
655 2226 753 2290 fierent,
768 2226 809 2282 in-

64 2310 264 2370 tuendaerant.
301 2310 499 2374 Centurionem‚
524 2308 638 2366 nobilem
660 2306 812 2363 militaribus

71 2392 165 2455 iaetu,
181 2391 325 2467 judicatum
338 2394 453 2466 pecuniae
465 2408 551 2467 quum
562 2388 622 2446 duci
636 2386 742 2452 vidiffet,
756 2405 813 2445 me·

52 2467 108 2550 ,dio
125 2466 197 2530 foro
213 2490 276 2531 cum
294 2486 395 2529 acerva
408 2470 452 2529 sua
467 2471 584 2535 accurrit,
603 2473 631 2528 bt
648 2484 759 2528 manum
774 2470 813 2527 in-

36 2546 153 2615 lecits
179 2553 382 2629 vociferatusque
397 2554 428 2610 de
444 2551 557 2629 superbia
569 2556 686 2617 tamnu,
708 2570 740 2609 ac
758 2570 816 2611 esu-

26 2612 171 2700 ‘lelirate
182 2635 394 2699 foeneratorum,
417 2639 445 2694 bt
458 2635 564 2693 miseriis
576 2634 664 2713 plebis,
682 2633 819 2693 virtutibus

12 2704 105 2759 ‘1¹¹³
127 2708 203 2774 vsi-i
215 2716 379 2793 fortunaques
396 2726 460 2775 itam
470 2736 530 2774 vert
542 2734 591 2790 ego,
612 2715 705 2793 inquit,
723 2718 820 2793 nequic-

10 2783 124 2870 guam
152 2793 225 2853 hac
241 2799 334 2856 dextra
345 2800 496 2877 Capitolium
509 2818 639 2876 arcemque
649 2799 819 2874 servaverim,

10 2862 24 2895 ¹
50 2872 186 2933 Μεθ’]
209 2882 576 2963 menumquam,
601 2894 726 2957 tanquam
746 2873 825 3017 Gngs

755 2980 776 3016 u
809 2976 835 3013 a·
