1792 3284
82 128 142 191 176
310 120 576 187 T.L1v11

77 229 194 303 suspeeti
219 226 300 305 quam
319 242 450 291 venerant,
469 226 669 283 dimitterentur.
716 222 808 284 Bellum

77 313 138 367 inde·
152 308 217 367 haud
234 309 344 366 dubium
364 308 458 366 haberi.
493 312 536 382 Sp.
555 305 653 369 Furius,
675 307 807 365 consulum

77 391 147 454 alter,
159 393 199 449 cui
210 391 380 467 enprorincia
389 404 515 452 evenerat,
522 385 654 465 profereus
668 388 698 443 in
705 390 810 466 AEquoe,

76 472 253 531 Hernicorum
264 473 292 529 in
314 491 379 551 agro
388 469 601 549 populabundum
622 467 728 525 hoiheru
742 474 810 531 inre·

77 556 148 693 iii
160 549 827 713 {iiisssiffl‘i‘iiffiziiiiisffiii

77 732 177 774 temere
188 734 282 795 pugnae
301 715 445 773 commisit.
480 715 571 773 Primo
586 714 715 772 concursu
728 716 810 791 pulsus

79 797 106 855 se
122 800 151 855 in
173 799 251 856 castra
271 797 375 873 recepit.
405 814 489 874 neque
508 798 530 853 is
546 794 606 853 finis
626 796 737 871 periculi
756 796 811 858 fuir.

78 898 194 956 namque
213 883 240 938 &
254 879 508 954 proximatione&
520 877 625 953 postero
638 875 681 935 die
699 880 810 937 tantari

79 962 161 1017 castra
179 959 237 1019 sunt
260 958 518 1035 circumferturque
539 972 700 1036 oppugnata,
725 974 757 1019 ut
778 978 809 1019 ne

78 1042 188 1099 nuncius
205 1040 310 1118 quidem
321 1042 380 1100 inde
393 1041 464 1099 mitti
479 1045 598 1098 Romam
614 1040 720 1118 posset..
746 1044 809 1101 Her·

79 1123 141 1189 uici,
168 1127 193 1181 &
210 1119 276 1180 male
287 1138 444 1201 pugnatum,
470 1126 499 1181 &
511 1120 644 1180 consulem
655 1120 810 1182 uetitum-

80 1223 132 1281 que
151 1203 268 1271 obfideri,
289 1207 484 1265 nunciaverunt.
511 1217 669 1281 tantumque
687 1218 811 1265 terrorem

80 1286 204 1344 incussere
216 1287 339 1350 Patribus,
365 1300 405 1352 ut,
426 1288 495 1363 (quae
507 1284 594 1344 forma
607 1282 811 1346 senatusconsulti

79 1366 179 1424 ulrimae
192 1367 290 1444 semper
303 1368 453 1427 neeessrratis
464 1367 547 1424 habita
559 1368 608 1444 est)
624 1368 764 1426 Postumio
777 1368 810 1429 ui·

78 1449 127 1504 teri
147 1448 279 1505 consulum
300 1452 436 1525 negotium
458 1449 568 1513 daretur,
593 1450 689 1507 Vident
706 1468 739 1507 ne
755 1450 813 1531 quid

79 1528 183 1604 respubl.
201 1529 342 1587 detrimenti
354 1543 458 1606 caperer.
494 1528 586 1605 ipsum
608 1528 744 1589 consulem
757 1536 810 1591 Ro·

80 1628 135 1665 mae
153 1628 257 1668 manne
276 1612 307 1669 ad
329 1611 523 1670 conscribendos
543 1629 649 1677 omnes,
670 1612 721 1689 ¹qui
743 1632 810 1673 πω

79 1690 146 1748 ferre
167 1693 275 1767 possent,
304 1694 437 1768 optimum
462 1690 547 1751 visum
569 1695 627 1751 est:
659 1693 810 1770 proconsule

80 1777 116 1828 T.
135 1776 275 1849 Quintium
295 1772 404 1831 subsrdio
424 1777 508 1833 castris
523 1793 586 1833 cunr
602 1772 687 1832 sociali
700 1776 810 1835 exercitu

80 1853 160 1908 mitti.
184 1853 291 1909 adeum
313 1855 468 1929 explendum
488 1858 573 1915 Latini
593 1856 760 1933 Hernicique,
783 1862 810 1917 ot

80 1930 182 1987 colonia
196 1933 302 1988 Antium
316 1934 374 1990 dare
387 1936 497 2008 Quintio
509 1936 643 1995 subitarios
652 1936 750 1996 milies
760 1938 809 2010 (in

79 2025 137 2069 tum
153 2015 283 2087 repentina
295 2014 385 2073 auxilia
401 2014 567 2093 appellabant)
587 2017 658 2092 juffi.

120 2099 155 2150 V.
182 2093 257 2151 Multi
274 2114 318 2170 per
333 2116 377 2153 eos
391 2099 443 2154 dies
459 2116 556 2173 motus,
586 2098 713 2176 multique
728 2101 810 2177 impe·

79 2186 121 2232 tus
135 2173 196 2231 hinc
210 2191 286 2253 arque
296 2176 363 2235 illinc
377 2178 439 2235 faeti
455 2201 462 2242 ς
487 2181 557 2257 quia,
577 2179 708 2256 superante
724 2180 811 2239 multi·

79 2257 175 2321 tudine,
198 2255 282 2314 hostes
295 2277 395 2336 carpere
409 2260 575 2319 multifariam
590 2263 655 2319 vires
668 2262 811 2328 Romanas,

81 2354 109 2394 ur
126 2359 180 2397 non
194 2338 341 2398 suffetiuras
354 2342 383 2399 ad
397 2344 495 2407 omnia,
517 2342 624 2422 aggreffi
636 2342 708 2401 sunt.
720 2388 724 2397 .
736 2342 812 2402 fimul

80 2423 159 2476 castra
177 2421 413 2502 oppugnaluutur5
445 2425 520 2483 simul
546 2442 602 2500 pars
629 2425 760 2483 exercitur
782 2424 812 2484 ad

76 2500 256 2572 populandum
273 2525 366 2581 agrum
386 2511 540 2564 Romanurn
560 2505 642 2568 miffa,
667 2504 814 2584 urbemque

78 2579 169 2654 ipsam,
192 2583 279 2658 fiqua
294 2587 398 2644 fortuna
417 2589 493 2652 daret,
516 2587 674 2647 tentandam.
717 2593 749 2646 L.
761 2596 815 2647 Va·

77 2658 151 2716 letius
169 2662 199 2716 ad
219 2665 361 2737 praelidium
380 2667 447 2725 urbis
467 2667 588 2727 relioius:
616 2668 706 2727 consul
721 2670 814 2729 Postu·

79 2742 148 2799 mius
163 2743 193 2798 ad
208 2745 325 2801 arcendas
336 2748 513 2823 populationes
525 2751 618 2809 finium
633 2750 735 2815 mitius.
762 2753 816 2811 Ni·

75 2822 114 2884 'hii
126 2824 259 2884 remiffum
272 2823 304 2884 ab
319 2828 367 2886 ulla
380 2846 451 2908 parre
465 2849 533 2892 curae
543 2847 587 2893 aut
599 2830 701 2893 laborir.
717 2833 817 2915 vigilia

786 2934 817 2976 111
