1792 3284
160 90 371 165 LIBER
413 94 502 165 Vlll.
630 120 686 196 ¹53

60 222 189 270 noverunt:
219 228 253 267 eo
270 209 373 285 petendi
395 208 480 267 auxilii
499 207 532 267 ab
556 213 689 269 Romanu

60 293 140 360 iustior
150 290 209 353 firit.
227 290 269 351 sed
281 288 360 367 pilo,
382 288 461 369 quim
474 291 587 352 consules
597 294 630 351 ab
646 314 689 351 ur·

60 374 113 435 [erar
125 375 196 433 enim
208 374 308 433 senatus
322 374 423 431 defendi
435 378 579 451 Auruncos)
590 378 687 435 exerci-

60 473 164 523 urerent,
184 459 255 515 frma
269 455 382 522 affertur,
405 461 541 517 Auruncos
557 476 686 535 metuop-

60 540 198 606 deseruilser
221 540 396 619 profugosque
408 560 471 600 cum
486 541 644 623 conjugibus
657 561 687 599 ac

60 622 164 683 {uellam
187 622 372 690 eommunllso
396 642 453 701 quae
474 643 544 684 nunc
565 630 687 683 Aurunca

60 724 85 771 ις
115 707 218 764 moenia
240 707 344 783 antiqua
364 724 467 772 eorum,
493 708 636 787 urbemque
653 706 686 765 ab

60 784 198 849 sdel'etam.
236 789 280 849 Ob
294 806 323 846 or
334 788 449 846 infensus
455 789 600 848 consulibus
615 790 685 849 sena·

60 892 133 930 urum
149 872 317 931 constatione
323 870 418 948 proditi
425 869 486 929 socii
498 872 585 937 effent,
604 872 686 931 dina-

60 954 106 1013 lici
125 954 208 1029 justit.
234 952 319 1011 dietus
343 954 377 1011 C.
390 952 512 1011 Claudius
532 954 690 1033 Regillensis,

61 1055 110 1095 urn
123 1037 243 1115 equitum
259 1037 292 1093 C.
306 1034 446 1093 Claudium
463 1040 629 1095 Hortatorem
647 1038 687 1093 di-

61 1118 144 1198 eligio
162 1118 222 1200 inde
233 1117 329 1194 injena
338 1118 371 1177 de
383 1119 526 1178 distatore:
558 1124 586 1179 δι
601 1138 684 1198 quum

70 1203 135 1258 vitio
143 1216 257 1259 crottum
270 1200 351 1256 videri
363 1200 487 1264 dixiffent‚
506 1202 617 1260 dielator
631 1222 688 1261 mr·

61 1300 84 1336 re
104 1282 224 1356 equitum
245 1278 269 1335 se
290 1282 440 1357 magistratu
455 1280 612 1341 abdicarunt.
649 1290 690 1341 Eo

61 1362 164 1420 (linurin
183 1359 303 1425 Vestalis,
335 1360 448 1437 suspnfila
475 1360 563 1438 primi)
585 1376 690 1441 propter

61 1464 126 1501 >rem
140 1444 211 1519 julio
223 1442 333 1507 cultum,
358 1440 502 1503 insrmulato
517 1442 607 1501 deinde
622 1446 688 1522 apud

61 1546 91 1583 es
112 1526 143 1585 ab
167 1526 249 1585 indioe
261 1526 346 1585 servo:
376 1544 461 1604 quum
477 1526 581 1585 decreto
593 1546 688 1587 corum

61 1613 104 1669 [let
122 1608 197 1668 sacris
213 1608 344 1677 abstinere,
369 1608 546 1688 familiamque
567 1612 594 1667 in
614 1628 689 1688 pore-
718 1620 722 1625 '

61 1692 138 1757 rbere5
167 1694 239 1761 fallo
258 1693 365 1769 judicio,
391 1694 451 1751 viva
470 1692 517 1751 sub
539 1706 632 1751 terrum
655 1696 685 1753 nd

75 1775 205 1835 Collinam
219 1776 304 1833 dextra
315 1776 356 1833 via
368 1776 443 1832 strata
455 1774 550 1834 defoffa
561 1776 687 1835 Scelerato

79 1858 157 1917 eredo
169 1857 201 1917 ab
212 1858 309 1915 incesto
322 1856 346 1913 id
360 1856 384 1911 ei
394 1854 454 1914 loco
466 1875 565 1914 nomen
577 1858 689 1917 fastum.

71 1960 141 2000 anno
154 1938 317 2018 QPublilius
328 1936 402 1996 Philo
417 1952 510 2016 praetor
524 1936 640 2015 prinulm
656 1942 688 1998 de

61 2021 199 2082 idversante
211 2020 324 2098 Sulpicio
336 2019 448 2085 consule,
469 2022 514 2098 qui
525 2022 633 2103 negrbat
648 2043 687 2081 ru-

64 2107 121 2182 ejus
131 2102 157 2163 se
166 2102 325 2169 habiturum,
337 2105 374 2161 est
387 2102 472 2162 fastus
480 2128 487 2163 ι
496 2102 590 2170 senatu,
598 2126 683 2184 quum

62 2190 109 2247 mis
123 2186 237 2264 imperiis
255 2186 282 2243 id
299 2204 354 2245 non
367 2184 525 2254 obtinuilset,
552 2189 640 2249 minin
658 2192 687 2246 in

73 2271 201 2330 tendente.

64 2400 71 2415 .
98 2355 234 2432 Insequens
247 2373 338 2419 annus,
371 2358 405 2412 L.
418 2354 520 2429 Papirio

75 2437 183 2495 Caesone
191 2434 283 2494 Duilio
292 2432 445 2498 consulibus,
469 2438 521 2490 Au·
558 2420 624 2459 Μ’
637 2412 687 2461 ω’·

64 2522 149 2599 magis
160 2536 232 2575 novo
245 2515 326 2595 quim
341 2534 441 2594 m²g¹¹⁰
459 2514 523 2573 ΜΗΘ
555 2496 679 2614 v.³c³.³4'o.

62 2605 133 2683 ¹mnis.
175 2606 212 2659 Ea
224 2620 288 2677 gens
300 2597 373 2657 Cales
383 2596 472 2657 urbem
481 2599 521 2657 in·

62 2712 68 2744 ε
96 2684 213 2743 Sidicinis
227 2681 345 2740 finitimis
358 2700 428 2741 arma
439 2683 624 2757 conjunxerat:
655 2708 687 2747 u·

62 2766 155 2846 proelio
170 2765 237 2825 baud
250 2761 311 2823 lani¹
329 2758 491 2823 memorabili
510 2766 622 2828 duorum
641 2792 688 2847 pff

62 2850 218 2911 noxereitur
228 2845 309 2914 fusus,
335 2848 525 2927 propinquitate
541 2848 644 2931 urbium
657 2856 689 2983 eq

347 3016 409 3097 Gr
