1792 3284
155 110 368 183 urunu
400 114 462 183 1x.
623 145 687 219 253

107 222 224 283 uicitiam
247 220 392 301 poenibus
404 242 458 303 prae
473 223 500 285 st
517 229 637 291 Romam
659 232 692 293 ad

98 306 181 374 urnis,
208 304 306 371 consui.
327 308 500 384 praestantiore
511 312 591 371 etiam
609 314 692 393 quim

81 391 189 453 ristona
200 386 377 467 triumphant,
407 391 500 451 urbem
515 394 552 452 cst
566 396 697 457 invenus.

65 477 120 537 iam
141 474 307 533 devictorum
323 474 481 533 Samnitium
498 475 578 535 decus
599 496 695 557 mrgna

65 558 122 619 uad
137 555 243 638 legator,
267 558 298 616 P.
317 554 428 615 Decium
453 562 482 619 δι
496 562 537 619 M.
554 556 698 625 valerium

65 640 124 702 ium:
149 658 216 719 quos
235 635 346 716 poprdus
363 640 491 715 proximis
510 644 634 711 comitiis,
654 646 698 702 in·

65 721 178 788 msensu,
195 721 327 781 consulem
338 718 458 786 rituum,
474 720 581 785 aiterum
600 738 696 806 praetu

65 828 74 867 ἲ
124 818 179 865 rit.-

69 806 342 963 dariiaabioobegreg‘d
359 884 533 961 perdomitam
571 946 603 991 A

65 990 93 1029 m
105 970 269 1028 continuatur
281 964 442 1025 consulatus:
483 972 535 1027 Do·
602 945 699 992 Μ’·

65 1052 145 1131 oiiega
173 1051 256 1111 datur.
301 1046 417 1107 Valerius
440 1062 535 1127 prator
568 1026 699 1147 0⁹³3„

65 1155 85 1194 n
98 1148 204 1194 creatus.
244 1129 369 1189 Consrrles
378 1132 466 1207 partiti
473 1152 534 1211 pro·
589 1147 598 1164 ·

68 1263 74 1277 .
114 1216 214 1274 Etruria
231 1214 325 1275 Decio,
350 1216 488 1270 Samnium
506 1214 585 1272 Fabio
606 1217 702 1277 evenit.

65 1298 150 1355 fedius
170 1296 200 1352 ad
225 1294 369 1351 Nuceriam
385 1291 551 1358 Alfaternam,
578 1308 637 1353 tum
656 1316 703 1373 pa·

65 1391 164 1442 utentes,
183 1373 251 1453 qudd
265 1374 339 1432 utica
350 1390 436 1450 quum
447 1375 547 1433 ductur
559 1374 705 1446 noluissent,

65 1478 128 1525 itus,
162 1458 338 1538 oppugnando
359 1456 391 1515 ad
417 1456 575 1517 deditionem
596 1458 706 1541 subegit.

65 1542 222 1604 Samnitibus
243 1541 298 1599 acie
316 1540 483 1601 dimicatum.
516 1540 584 1599 haud
603 1560 726 1623 magno¹

65 1630 112 1685 ine
123 1625 298 1684 hostes'vidii:
321 1640 404 1699 neque
418 1623 474 1699 ejus
491 1642 586 1705 pugnat
598 1644 704 1689 mento-

65 1711 107 1769 iita
119 1709 195 1770 foret,
213 1708 240 1762 ni
254 1707 331 1764 Marsi
350 1723 382 1761 eo
399 1703 515 1782 primirm
529 1705 623 1785 proelio
639 1730 704 1771 cum

65 1795 100 1850 uis
125 1788 261 1853 beliiffcut.
310 1788 393 1843 Secuti
416 1786 560 1845 Marsorum
581 1789 706 1851 deftffio·

65 1875 157 1952 'eiigni
178 1870 286 1927 eandem
305 1867 440 1925 fortunam
459 1867 608 1928 habuerunt.
654 1878 708 1931 De-

66 1977 135 2034 oque
146 1949 223 2012 alteri'
231 1949 327 2009 consuli
339 1949 447 2008 secunda
459 1948 515 2007 belii
525 1948 630 2012 fortuna
648 1971 709 2018 crat.

65 2036 185 2098 iriensem
201 2048 275 2093 metu
289 2032 421 2111 subegerat
436 2028 708 2099 frumcntum'exorci·

65 2123 145 2184 rbere,
170 2130 247 2196 atque
265 2115 379 2174 inducias
395 2116 423 2172 in
441 2117 609 2196 quadraginta
626 2140 709 2181 annor

65 2250 68 2264 .
85 2202 282 2261 Volfinienfium
292 2198 386 2259 castella
394 2198 490 2277 aliquot
503 2201 530 2257 vi
538 2204 618 2280 cepit:
638 2224 708 2283 quae-

65 2305 86 2345 ur
105 2288 134 2343 iis
148 2285 234 2349 diruit,
252 2303 286 2341 ne
303 2283 465 2360 receptaculo
483 2282 597 2345 hostibus
615 2290 709 2346 effent:

65 2370 233 2443 ofcrcndoque
253 2366 345 2443 paffim
364 2364 436 2421 „bello
455 2376 558 2421 tantum
586 2378 711 2428 terrorem

65 2453 101 2517 it,
119 2466 149 2510 ut
159 2467 258 2507 nomen
270 2463 352 2503 omne
364 2445 503 2503 Etruscum
512 2443 598 2503 foedus
609 2449 711 2512 abcon-

65 2548 149 2595 ueret.
191 2533 229 2588 Ac
241 2529 273 2586 de
285 2546 317 2585 eo
332 2525 438 2603 quidem
453 2522 516 2583 nihil
536 2526 714 2607 impetratum.

65 2620 91 2675 iae
104 2632 196 2674 annuae
209 2612 282 2669 datae.
303 2608 458 2682 stipendium
471 2611 593 2671 exercitui
612 2619 714 2675 Rotna-

80 2700 154 2756 hoste
167 2697 195 2752 in
212 2711 275 2751 eum
292 2708 390 2749 annum
408 2688 527 2769 pensum,
545 2698 573 2753 δι
595 2693 661 2755 binae
672 2713 715 2755 tu·

65 2783 89 2839 in
106 2777 216 2836 militem
225 2775 329 2834 exacta,
347 2791 376 2831 ea
389 2790 488 2833 mercer
500 2774 661 2836 induciarum
674 2776 718 2841 fu·

65 2856 264 2950 statarium
275 2858 332 2941 iam
342 2850 719 2990 truatur-urae&
