1792 3284
81 290 91 319 1
524 284 533 313 5
596 292 604 317 r
685 282 703 299 '

62 330 157 402 W,
176 326 392 409 paullatim,
410 328 699 395 lssstl'llfflddeadss·

60 416 189 479 oed'ount.
231 406 355 471 Ceterbm
368 426 472 473 tmtum
484 420 618 477 momenti
628 420 656 475 in
666 438 701 477 u-

60 520 69 559 t
81 505 112 561 L.
125 498 229 577 Papirio
243 494 302 562 fuit,
323 510 363 561 ut,
385 496 406 554 fi
420 498 494 557 ducis
505 502 609 561 confilia
624 502 701 563 favor

60 578 316 645 tmmditumioret,
326 576 442 638 debellari
453 600 487 639 eo
498 583 540 642 die
551 590 700 647 tumSam·

73 665 186 747 potuisse
202 681 251 742 pro
265 661 333 722 haud
353 662 436 721 dubio
452 664 569 727 habitum
589 671 634 729 lit:
664 670 701 731 ita

60 752 80 812 it
92 752 176 809 aciem
188 748 249 806 loco
260 764 291 805 ac
307 744 431 810 subsrdiir,
447 746 485 806 ita
496 752 574 809 omni
584 766 637 811 arte
647 752 704 815 bel.

60 835 149 895 mavit.
178 825 333 892 militumi
349 826 447 887 milite:
470 848 502 888 oc
522 834 555 891 de
572 835 702 904 industria.

60 920 192 978 otiaretur
211 910 327 970 laudibus
349 911 432 977 ducis,
459 913 583 993 impedita
595 918 704 979 viauia

60 1001 137 1060 ’luter
150 994 311 1059 Samnitium
328 994 454 1055 cecidere:
480 998 565 1076 plures
585 1000 705 1063 Romani

60 1082 170 1143 rtisunt.
208 1077 470 1156 senfitpen'tusdun
490 1102 605 1159 quaeroo
616 1084 703 1143 visto·

60 1168 148 1226 sturm:
168 1162 367 1240 temperandum
388 1164 528 1241 ingenium
547 1164 624 1225 suum
644 1168 705 1237 effe.

61 1250 179 1306 critatem
197 1242 356 1323 miscendam
377 1243 507 1303 comitati.
545 1248 643 1323 ltaque,
661 1252 708 1308 ad-

72 1328 170 1409 legatis,
188 1322 241 1401 ipse
255 1324 355 1381 nircum
366 1321 467 1381 saucios
484 1324 579 1385 milites
595 1326 708 1391 inserent

61 1413 121 1469 :oria
134 1421 219 1487 caput,
240 1403 363 1485 lingulor,
379 1420 410 1464 ut
422 1402 473 1464 sese
488 1406 618 1477 haberent,
636 1414 709 1495 rogia

61 1512 145 1555 :uram
156 1508 249 1549 eorum
262 1488 526 1569 nominatimlegatio,
542 1491 710 1575 tribunisque,

61 1577 141 1637 lediis
153 1572 330 1633 demandabat.
347 1590 404 1630 rem
421 1590 466 1650 per
478 1574 504 1631 le
510 1573 663 1654 popularem
673 1582 709 1641 ita

68 1662 132 1741 egit,
151 1672 190 1722 ut,
206 1654 339 1714 medendis
350 1656 509 1735 corporibus,
525 1659 609 1717 animi
622 1660 710 1723 multo

68 1744 183 1802 militum
207 1738 356 1815 imperatori
383 1738 618 1809 reconciliarentun
659 1764 709 1807 nec

61 1846 112 1885 tam
131 1822 163 1883 ad
184 1818 355 1880 salubritatem
374 1820 505 1877 efficacius
522 1820 607 1887 fuerit,
628 1824 710 1903 qudm

61 1924 133 1991 grato
152 1906 244 1965 animo
260 1922 294 1960 ea
312 1918 372 1961 cura
389 1916 495 1981 accepta
511 1904 556 1963 cll.
596 1908 712 1969 nendo

61 2010 97 2057 m,
119 2008 183 2048 cum
205 1986 278 2045 holle
298 1984 452 2065 congrellun
479 1984 548 2047 baud
568 1986 645 2048 dubia
665 1990 711 2071 spe

62 2074 208 2149 iliumque,
227 2070 264 2127 ita
278 2066 346 2126 fudit
359 2066 510 2149 fugavitque
522 2074 660 2137 Samnites,
678 2090 710 2136 ut

62 2160 130 2215 imus
141 2156 177 2211 eis
190 2152 243 2210 dics
255 2150 401 2209 conferendi
415 2152 487 2233 figna
499 2172 563 2212 curn
585 2156 712 2217 dictatore

99 2235 201 2295 lnceffit
211 2234 308 2301 deinde,
333 2252 384 2313 qua
394 2234 467 2293 duxit
478 2238 568 2313 prndae
580 2236 646 2315 spes,
672 2242 713 2297 vi-

62 2315 535 2476 :z‘rnrtblrzsstltss
550 2320 718 2471 :nnat
761 2406 765 2413 -

62 2505 110 2546 us.
142 2480 256 2541 Addebat
266 2478 432 2544 alacritatem,
452 2478 522 2557 qudd
532 2480 717 2564 dffiatorprae·

62 2584 167 2627 omnem
180 2563 290 2622 edixerat
300 2560 442 2619 militibus:
460 2581 509 2622 nec
519 2564 555 2624 ira
566 2568 652 2645 magis
664 2586 717 2648 pu·

71 2647 152 2731 quim
162 2646 295 2726 privatum
314 2645 499 2722 compendium
515 2648 541 2704 in
563 2648 666 2708 hostem
684 2674 714 2713 2.

62 2748 81 2793 t.
120 2732 167 2789 His
182 2728 292 2787 cladibus
306 2726 404 2785 subacti
425 2730 554 2789 Samnites
571 2748 662 2808 pacem
683 2737 717 2795 ab

62 2836 107 2877 οη
119 2812 226 2891 petiere:
246 2830 309 2871 cum
325 2828 380 2889 quo
390 2812 469 2888 padri.
487 2826 519 2871 ut
530 2813 628 2893 singula
641 2818 718 2875 vesti-

62 2891 224 2961 amilitibun
250 2899 287 2959 to·
298 2910 418 2957 annuum
435 2894 596 2975 stipendium
614 2896 724 2953 dotent:

642 2995 739 3057 quum

782 3149 798 3266 l
